4440 5674
1080 260 1294 323 ..13-

281 463 340 528 ίνίς
357 461 476 526 είπάντος
493 467 690 530 „carantanae
707 461 754 520 τίν
771 465 841 520 ίδιον
859 463 971 538 νάμαν“,
1212 461 1321 520 6616166
1339 479 1358 518 6
1374 479 1405 518 66
1423 461 1495 536 legis
1513 479 1581 519 suae
1599 461 1760 519 admonitus

282 549 369 622 „altri
386 548 479 624 κίριον
497 549 620 619 ποιήσω’.
638 551 685 605 καί
703 549 875 622 σπασάμενος
891 550 922 606 τί
935 552 1054 622 ξιφίδιον
1065 550 1160 608 ἑαυτὸν
1211 549 1293 622 „Ego
1311 548 1387 604 illam
1406 549 1546 605 sanciam“
1566 567 1599 605 rc
1616 550 1746 622 protinus
1765 547 1849 618 l'erro,
1866 546 1942 621 quod
1954 546 2087 618 habebat,

283 637 442 706 άτιίσηαξεν.
1212 635 1347 693 destricto
1365 633 1501 704 incubuit,

435 758 595 839 Magnum
610 758 714 842 igitur
729 779 929 824 consensum
945 781 1055 826 rerum
1076 767 1109 826 et
1123 761 1301 826 verborum
1324 760 1410 823 inter
1431 759 1526 822 illum
1549 763 1581 821 et
1602 760 1692 822 hune
1713 758 1915 821 intercedere
1939 758 2014 839 quis
2037 762 2089 820 est

282 862 340 944 qui
366 864 485 945 neget?
525 859 634 944 Atque
661 864 760 926 etiam
786 862 850 927 hoc
877 864 1209 929 animadvertendum
1232 869 1283 928 661
1304 864 1341 927 id
1362 863 1485 926 iactum
1509 863 1551 926 ab
1584 868 1725 944 utroque
1758 861 1918 943 scriptore
1952 861 2089 925 attribui

280 965 486 1041 Charondae,
508 965 566 1046 qui
582 965 741 1030 Thurinis
755 967 848 1049 leges
863 969 1006 1048 scripsit.
1044 968 1213 1032 Diodorus
1229 968 1318 1032 enim
1334 966 1406 1048 ipse
1424 969 1561 1030 testetur
1576 967 1659 1030 alios
1675 966 1852 1046 scriptores
1866 964 1951 1028 illud
1965 965 2086 1038 Diocli,

280 1071 337 1151 qui
365 1069 586 1152 Syracusanis
608 1068 701 1150 leges
724 1070 882 1144 condidit,
906 1073 1070 1136 accidisse
1093 1073 1231 1136 tradere.
1274 1070 1390 1153 Neque
1413 1075 1522 1134 tamen
1543 1070 1713 1133 Valerium
1735 1068 1872 1150 paulum
1895 1068 1937 1131 ab
1953 1073 2086 1131 auctore

280 1174 450 1238 discedere
472 1172 606 1238 infitior.
641 1172 708 1236 Sed
731 1175 821 1255 quod
843 1175 899 1238 hic
922 1174 1134 1239 Charondam
1155 1177 1320 1239 latronum
1342 1180 1434 1237 metu
1456 1177 1655 1238 commotum
1678 1191 1753 1236 cum
1768 1171 1880 1254 gladio
1903 1171 2085 1252 proiectum

280 1282 313 1342 et
345 1277 387 1340 ab
419 1277 557 1340 inimico
590 1277 736 1357 quodam
766 1278 854 1360 legis
885 1279 995 1344 lassae
1029 1280 1234 1344 admonitum
1261 1298 1336 1342 6666
1361 1283 1481 1350 narrat,
1515 1277 1636 1340 omittit
1661 1276 1727 1351 ille,
1761 1296 1830 1340 non
1857 1275 1975 1350 obstat,
2003 1275 2086 1356 quin

279 1380 469 1462 exemplum
496 1380 539 1444 ad
565 1379 751 1444 Diodorum
777 1387 943 1446 auctorem
973 1384 1165 1448 referamus.
1213 1383 1330 1463 Neque
1358 1381 1447 1446 enim
1475 1381 1617 1444 dubium
1643 1385 1707 1456 est,
1741 1380 1823 1462 quin
1848 1378 2002 1443 Valerius
2029 1378 2086 1442 illa

279 1483 391 1548 studio
424 1483 474 1546 rei
507 1484 703 1548 coartandae
725 1485 891 1549 adductus
925 1487 1056 1551 silentio
1089 1487 1301 1569 praeterierit.
1351 1486 1428 1548 Alia
1453 1505 1533 1548 vero
1561 1486 1602 1548 de
1628 1503 1692 1547 suo
1718 1504 1809 1564 penu
1836 1483 1966 1556 adiecit,
1994 1483 2086 1546 velut

278 1607 414 1651 causam
435 1587 532 1670 legis,
557 1606 623 1669 qua
644 1607 687 1650 ne
710 1591 785 1670 quis
808 1609 884 1653 cum
908 1590 991 1653 ferro
1013 1591 1050 1653 in
1073 1593 1259 1654 contionem
1281 1593 1418 1653 intraret
1433 1594 1567 1652 cautum
1590 1593 1649 1662 est,
1674 1593 1706 1651 61
1727 1607 1776 1661 ea,
1800 1604 1884 1668 quae
1899 1586 2083 1650 narratiun-

279 1692 373 1754 culae
400 1711 481 1754 suae
513 1691 699 1755 subiunxit.
744 1693 836 1756 Illam
859 1701 969 1757 autem
991 1695 1161 1759 Valerium
1183 1715 1227 1758 ex
1247 1694 1302 1758 his
1323 1692 1463 1756 Diodori
1485 1691 1597 1755 verbis
1616 1688 1839 1777 ,evhsotcioqc
1861 1691 1917 1756 καὶ
1941 1690 2086 1776 ταραχῆς

279 1792 316 1860 ἐν
343 1807 411 1868 τοῖς
435 1792 605 1882 πλήθεσιν,
632 1795 794 1884 προσέστη
819 1799 1111 1885 πολυπραγμονῶν
1137 1796 1179 1864 τά
1209 1795 1298 1864 κατά
1326 1794 1389 1883 τὴν
1414 1792 1548 1862 οτάοιν“
1583 1795 1768 1859 deduxisse
1800 1795 1883 1858 mihi
1916 1793 2083 1876 probatur,

278 1899 361 1962 haee
383 1918 422 1963 eo
445 1899 585 1963 consilio
608 1901 780 1964 addidisse
795 1903 937 1978 videtur,
953 1907 991 1965 ut
1006 1901 1203 1967 Charondae
1217 1901 1378 1964 1661111661
1393 1900 1430 1962 16
1445 1901 1553 1963 616166
1569 1899 1703 1964 tolleret.
1737 1899 1822 1962 Nam
1836 1898 2084 1980 respiciendum

279 2007 329 2064 eet
353 2003 548 2078 Diodorum,
577 2022 653 2066 6661
679 2004 843 2083 permulta
870 2006 911 2068 de
939 2005 1072 2088 legibus
1100 2025 1120 2068 a
1147 2003 1324 2068 Charonda
1350 2003 1510 2067 Thurinis
1541 2003 1729 2066 constitutis
1763 2002 1987 2075 disseruisset,
2021 2000 2084 2065 hac

277 2106 464 2192 narratione
484 2106 576 2169 illius
598 2111 736 2170 mortem
751 2127 926 2189 exponere,
942 2109 1111 2174 Valerium
1134 2115 1244 2174 autem
1259 2108 1407 2172 iustitiae
1422 2108 1590 2188 exemplar
1604 2108 1719 2171 afferre
1734 2108 1770 2170 in
1785 2109 1896 2171 animo
1911 2105 2082 2170 habuisse.

276 2207 352 2286 Qua
378 2210 419 2274 de
447 2229 549 2273 causa
576 2229 648 2274 eam
668 2211 788 2293 legem,
817 2230 883 2296 qua
910 2213 1000 2276 laesa
1026 2212 1221 2277 Charondae
1247 2218 1384 2276 mortem
1407 2212 1475 2275 eibi
1497 2212 1670 2286 conscivit,
1698 2211 1754 2276 hic
1777 2210 1979 2293 expositioni
2001 2229 2082 2273 suae

276 2313 464 2395 praemittit,
488 2315 544 2378 ille
567 2314 741 2378 occasione
763 2315 840 2380 data
861 2316 966 2380 inicit.

432 2433 589 2516 Sequitur
614 2437 804 2517 exemplum
825 2436 895 2510 VH,
924 2439 953 2512 8,
978 2444 1043 2502 ext.
1059 2440 1090 2512 7,
1114 2456 1179 2519 quo
1201 2439 1355 2502 Valerius
1382 2439 1424 2502 de
1445 2437 1644 2502 Hannibalis
1671 2436 1848 2500 ealliditate
1870 2435 1973 2498 verba
1994 2435 2081 2499 16611.

276 2537 340 2600 1116
365 2538 461 2601 illum
487 2537 626 2602 Diodori
654 2540 809 2622 vestigiis
836 2542 913 2622 plue
940 2543 1028 2606 iusto
1056 2543 1211 2606 insistere
1239 2542 1378 2624 eiusque
1405 2541 1518 2605 verbis
1540 2541 1769 2605 inhaerescere
1795 2540 2024 2619 intelligimus,
2052 2537 2082 2600 ei

276 2640 367 2704 hunc
387 2641 499 2705 locum
522 2641 743 2708 bibliothecae
765 2645 801 2707 16
824 2649 1101 2727 comparationem
1123 2647 1333 2712 vocavimus:

499 2793 579 2855 666
594 2795 647 2855 aa.
661 2794 768 2854 xxm.
789 2801 822 2856 15
839 2797 875 2854 6.
889 2801 932 2858 49.
1441 2797 1504 2856 vu
1516 2797 1591 2855 uu.
1604 2781 1787 2869 611666.
1800 2803 1825 2858 τ.

335 2911 397 2970 Ὀτι
419 2915 473 2970 τῶν
498 2918 696 2992 Καρχηδονίων
719 2917 863 2992 στρατηγὸς
881 2920 1012 2989 Ἀννίβας
1034 2919 1154 2990 ἧττηθείς
1274 2961 1383 2978 .....
1402 2916 1543 2975 Hannibal
1565 2935 1583 2975 a
1601 2917 1694 2975 Duilio
1717 2918 1831 2974 6666616
1856 2919 1950 2974 navali
1972 2917 2080 2991 proelio

275 3007 425 3074 ναυμαχίη,
453 3005 499 3057 καί
526 3003 690 3075 ηοβοίμενος
715 3001 755 3076 μὴ
781 3003 828 3060 διά
854 3003 903 3073 τίν
929 2997 1008 3074 ἧτταν
1036 3006 1086 3064 ίπά
1109 3009 1153 3076 τῆς
1205 3007 1295 3062 victus
1314 3006 1472 3077 timensque
1491 3005 1588 3062 6166616
1601 3005 1720 3061 66116666
1732 3021 1838 3077 poenas
1851 3003 1927 3076 dare,
1946 3003 2080 3061 offensam

274 3091 413 3159 γερουσίας
424 3085 490 3161 τίχη
501 3093 641 3162 τιμωρίας,
651 3092 771 3162 τίχνηαα
784 3093 866 3146 ίποίει
880 3093 1005 3148 τοιοῦτον.
1019 3094 1153 3150 άπίστειλί
1204 3092 1310 3148 6616116
1327 3093 1397 3148 mire
1415 3091 1532 3148 avortit:
1559 3110 1624 3148 nam
1644 3109 1679 3148 ex
1696 3090 1746 3147 illa
1768 3090 1871 3147 infelici
1889 3107 1985 3164 pugna
2002 3091 2080 3163 prius

274 3190 335 3226 τινα
352 3171 405 3226 τῶν
423 3175 510 3241 φίλων
526 3177 564 3233 είς
575 3173 741 3249 Καρχηδόνα
758 3174 820 3238 δαίς
831 3174 937 3237 ἐντολάς
948 3175 981 3238 sc
992 3199 1052 3235 ποτε
1065 3180 1152 3241 ἔδοξεν
1204 3195 1288 3250 quam
1319 3177 1406 3234 cladis
1428 3180 1542 3235 6661166
1565 3177 1678 3234 domum
1701 3178 1864 3250 perveniret
1887 3175 2026 3249 quendam
2045 3193 2080 3232 ex

274 3255 347 3330 αίπρῖ
364 3261 518 3329 συμηίρεεν.
538 3257 597 3314 ὁδί
614 3259 797 3322 mercatrices
814 3265 851 3322 είς
868 3258 916 3328 τίν
933 3261 1011 3316 πάλιν
1028 3266 1074 3318 καί
1086 3263 1152 3340 πρὸς
1204 3264 1300 3320 amicis
1327 3265 1503 3338 conpositum
1531 3271 1561 3320 et
1587 3265 1736 3322 1611661616
1763 3262 1967 3336 Karthaginem
1994 3263 2079 3318 misit

273 3341 321 3409 την
345 3348 487 3417 γερουσίαν
515 3347 651 3419 είσαχθείς
679 3348 754 3400 είπεν
779 3344 819 3402 tu
848 3348 1002 3422 προσέταξεν
1027 3348 1152 3416 Ἀννίβας
1203 3349 1266 3420 Qui,
1284 3355 1434 3424 postquam
1453 3353 1576 3407 civitatis
1595 3352 1655 3407 eius
1668 3352 1774 3408 auriam
1791 3351 1917 3418 intravit,
1935 3346 2080 3417 „Consulit

274 3427 400 3502 ἐρωτῆσαι
425 3427 473 3498 τὴν
498 3428 594 3498 βουλῆν
623 3434 649 3485 εί
673 3430 771 3488 κελεύει
799 3432 974 3507 ναυμαχῆσαι
1002 3434 1152 3497 διακοσίαις
1203 3439 1272 3492 vos“
1290 3437 1382 3510 inquit
1399 3435 1567 3508 „Hannibal
1585 3453 1648 3493 cum
1672 3435 1729 3492 dux
1747 3436 1938 3494 Romanorum
1960 3451 2078 3508 magnas

274 3516 352 3570 ναυσί
370 3514 436 3587 πρός
453 3507 587 3588 Ρωμαίων
604 3514 700 3572 ίκατίν
717 3521 807 3574 είκοσε.
825 3518 880 3572 τῶν
897 3519 925 3573 δὲ
943 3518 1151 3588 ἀναβοησάντων
1202 3538 1299 3578 secum
1317 3523 1474 3578 maritimas
1494 3521 1609 3579 trahens
1627 3523 1722 3595 copias
1741 3521 1897 3590 advenerit,
1909 3539 1945 3577 66
1963 3538 2026 3576 cum
2045 3537 2078 3578 eo

273 3601 319 3655 καί
337 3599 516 3657 κελευσάντων
538 3604 715 3678 ,,τοεγαροῖυί“
731 3608 780 3673 ίρη
794 3603 1000 3678 ,,νεναυμάχηκε
1017 3608 1064 3660 καί
1077 3605 1149 3674 ίπτὴ-
1203 3605 1354 3680 confligere
1373 3607 1500 3665 debeat“.
1529 3608 1709 3665 Adclamavit
1725 3609 1873 3664 universus
1891 3611 2006 3663 senatus
2022 3624 2078 3662 666

272 3693 355 3759 μεία.
373 3691 471 3750 ἐκεῖνος
482 3688 511 3744 a·
520 3687 598 3763 ίμάν
607 3688 811 3766 προσταξάντων
819 3692 975 3746 άπολίλυται
984 3691 1027 3759 τῆς
1035 3693 1150 3754 αἱτίας.“
1203 3711 1266 3750 6666
1293 3692 1407 3750 dubium
1436 3697 1503 3767 quin
1537 3699 1690 3767 oporteret.
1734 3693 1804 3750 Tum
1834 3693 1882 3751 ille
1911 3691 2078 3763 „Conflixit“

274 3770 351 3845 ὃμὲν
362 3769 538 3844 οὖν’,ίννίβας
547 3775 624 3838 είδδς
632 3775 692 3838 τοίς
700 3779 809 3838 πολίτας
823 3781 851 3832 lx
865 3775 919 3833 τῶν
928 3776 1149 3850 ἀποτελεσμάτων
1201 3779 1293 3852 inquit
1310 3784 1359 3849 „et
1375 3787 1525 3854 superatus
1543 3783 1611 3838 est“.
1638 3781 1684 3838 Ita
1700 3781 1819 3840 liberum
1837 3781 1881 3838 his
1894 3799 1951 3840 non
1963 3779 2079 3853 reliquit

272 3860 502 3928 συκοφαντοῦντας
509 3861 570 3924 τοῦς
578 3861 737 3937 στρατηγούς
745 3861 854 3936 τοιοίτρι
868 3861 956 3935 τρόπῳ
964 3861 1013 3926 σάς
1021 3867 1149 3935 ίσομίνας
1200 3865 1230 3922 id
1242 3865 1345 3924 iactum
1357 3867 1499 3940 damnare,
1512 3868 1587 3942 qnod
1598 3870 1653 3941 ipsi
1662 3867 1723 3925 fieri
1733 3866 1865 3926 debuisse
1875 3866 2077 3924 indicaverant

271 3949 431 4018 κατηγορίας
448 3945 604 4008 ίπεξείλατο.

425 4103 464 4166 In
486 4104 660 4169 collatione
681 4105 828 4171 locorum
850 4106 934 4172 haec
955 4107 999 4172 ad
1020 4109 1161 4173 verbum
1182 4111 1250 4176 fere
1271 4112 1359 4177 inter
1380 4133 1416 4177 se
1438 4116 1653 4196 respondent:

266 4237 391 4310 Ἀννίβας
415 4238 534 4307 ίχττηβείς
555 4246 696 4315 ναυμαχίᾳ
719 4243 765 4298 καί
788 4241 954 4314 ροβοίμενος
975 4242 1014 4317 μὴ
1031 4243 1077 4300 διά
1100 4243 1147 4313 τὴν
1198 4244 1389 4305 Hannibal..
1409 4291 1416 4304 .
1435 4248 1529 4305 navali
1552 4248 1659 4322 proelio
1682 4251 1773 4306 victus
1797 4251 1955 4323 timensque
1978 4249 2076 4306 classis

270 4315 351 4394 ἧτταν
368 4322 420 4381 riui
440 4325 484 4392 τῆς
500 4331 639 4400 γερουσίας
655 4325 721 4402 τείχη
738 4333 877 4402 τιμωρίας,
1199 4333 1320 4390 amissae
1339 4349 1444 4406 poenas
1463 4331 1539 4405 dare,

270 4413 405 4467 άπίστεελί
422 4431 483 4467 τινα
500 4412 553 4467 τῶν
565 4414 652 4482 σίλων
669 4418 705 4475 είς
717 4413 889 4489 ’Καρχηδόνα
1199 4417 1338 4490 quendam
1357 4437 1392 4475 ex
1410 4420 1507 4478 amieis
1526 4462 1533 4476 .
1551 4461 1558 4476 .
1578 4462 1585 4477 .
1603 4421 1807 4496 Karthaginem
1826 4423 1911 4480 misit.

271 4495 285 4554 ὃ
310 4497 339 4551 δὲ
363 4541 368 4554 .
393 4535 400 4550 .
425 4536 431 4552 .
455 4537 462 4551 .
483 4537 489 4551 .
513 4495 579 4569 πρὸς
605 4497 652 4567 την
678 4506 820 4574 γερουσίαν
845 4503 982 4575 είσαχθείς
1006 4507 1081 4560 είπεν
1107 4501 1146 4560 “ors
1198 4501 1261 4572 Qui,
1280 4508 1429 4577 postquam
1449 4507 1572 4563 civitatis
1591 4506 1651 4564 cius
1669 4510 1774 4565 66116111
1791 4509 1918 4577 intravit,
1931 4505 2076 4579 „Consulit

270 4585 426 4659 opacitates
460 4585 581 4652 Ἀννίβας
618 4588 746 4658 ἐρωτῆσαι
779 4584 827 4653 τὴν
860 4586 957 4656 βουλιὶν
991 4594 1015 4645 εί
1048 4589 1146 4647 τελείει
1198 4590 1268 4646 166ιι
1285 4590 1378 4664 inquit
1394 4591 1553 4662 „Hannibal
1561 4633 1734 4654 .........
1753 4613 1864 4652 anunm
1877 4593 2074 4668 eoaonfligere

270 4669 444 4744 ναυμαχῆσαι
1197 4675 1325 4734 debeat“.

268 4755 323 4812 τάν
340 4757 369 4812 δὲ
387 4753 598 4824 ἀναβοησάντων
614 4761 662 4814 καί
679 4757 860 4816 κελευσάντων
1196 4760 1377 4820 adclamavit
1398 4764 1549 4823 universus
1571 4773 1686 4824 6666166
1709 4785 1765 4826 666
1793 4783 1856 4825 ease
1873 4765 1988 4824 dubium
2006 4767 2073 4840 quin

1196 4853 1349 4921 oporteret

269 4925 478 5002 ,,νεναομείχηκε
496 4929 543 4982 καί
560 4927 702 5001 ἡττήμεθα.
1197 4933 1365 5007 „Ccnflixit“
1382 4939 1474 5011 inquit
1490 4943 1538 5010 „et
1554 4945 1703 5013 superaus
1723 4941 1792 4999 est.“

268 5010 377 5084 τσισίυτρι
393 5011 481 5089 τρίπρι
499 5012 547 5076 τάς
563 5017 690 5086 ίσσμίνας
706 5023 866 5094 κατηγορίας
883 5017 1035 5081 ὑπεξείλετο.
1195 5022 1242 5078 Ita
1260 5019 1380 5078 liberum
1398 5022 1443 5080 his
1461 5043 1517 5082 666
1535 5025 1649 5100 reliquit
1666 5026 1695 5083 id
1713 5026 1817 5084 1661616
1835 5025 1977 5094 damme,
2064 5069 2072 5083 .

424 5133 588 5213 Quoniam
614 5136 718 5223 igitur
743 5140 918 5206 relationes
944 5143 1065 5206 mirum
1089 5149 1247 5226 quantum
1272 5149 1493 5222 consentiunt,
1516 5169 1536 5212 a
1561 5168 1614 5212 me
1637 5151 1811 5233 impetrare
1833 5172 1901 5216 non
1922 5171 2070 5234 possum,
