4440 5674
929 256 1143 320 ,14-

134 465 173 520 ut
205 460 393 541 exemplum
428 459 597 543 aliunde¹)
629 462 770 524 fluxisse
798 462 999 536 existimem,
1034 463 1164 526 etiamsi
1188 481 1312 543 paucas
1339 462 1542 526 differentias
1576 464 1662 526 inter
1692 461 1876 527 Diodorum
1912 472 1944 528 et

135 563 304 626 Valerium
330 562 533 627 intercedere
561 567 715 629 concedo.
766 565 830 628 llic
858 567 946 630 enim
969 565 1191 630 Hannibalem
1223 585 1242 628 a
1269 564 1383 629 Duilio
1411 567 1549 630 consule
1576 567 1701 631 victum
1729 571 1761 631 et
1787 569 1941 642 amicum,

135 666 329 748 priusquam
353 667 458 730 cladis
481 669 621 732 nuntius
644 669 780 733 domum
803 671 999 750 perveniret,
1023 669 1263 751 Karthaginem
1283 671 1424 732 missum
1447 689 1521 733 esse
1541 677 1660 744 narrat,
1684 684 1769 752 quae
1783 691 1837 736 res
1853 673 1944 754 apud

135 769 230 832 illum
258 770 497 833 desiderantur.
547 771 616 834 Has
644 793 722 836 vero
750 791 949 854 quamquam
981 774 1150 838 Valerium
1178 793 1220 836 ex
1247 793 1308 836 suo
1335 773 1473 855 iugenio
1500 774 1664 839 adiecisse
1691 775 1849 838 credibile
1881 783 1942 851 est,

134 879 244 937 tamen
268 893 285 937 e
307 873 447 938 Diodori
469 895 568 956 opere
590 881 678 940 ortas
702 896 776 940 esse
798 877 877 940 inde
900 878 1072 950 concludo,
1096 878 1187 958 quod
1211 877 1314 940 huius
1338 877 1502 958 expositio
1525 898 1593 941 non
1616 882 1682 942 tota
1702 884 1818 943 exstat.
1858 881 1943 943 Nam

134 975 243 1050 locus,
279 995 376 1058 quem
411 979 514 1052 attuli,
548 1000 590 1042 cx
620 1000 719 1062 opere
746 980 956 1045 Constantini
984 981 1264 1065 Porphyrogeniti
1292 980 1407 1061 ecloga
1432 981 1506 1067 περὶ
1533 983 1678 1066 γνωμῶν
1704 989 1855 1047 servatus
1882 990 1941 1048 est.

133 1077 248 1163 Itaque
276 1082 441 1162 suspicari
462 1083 539 1145 licet
560 1083 603 1147 ab
631 1089 822 1166 excerptere
843 1105 912 1148 non
935 1086 1054 1158 omnia,
1079 1102 1164 1166 quae
1187 1083 1277 1165 apud
1300 1085 1484 1148 Diodorum
1507 1086 1645 1159 invenit,
1669 1087 1836 1166 exscripta
1858 1105 1942 1160 esse,

135 1185 195 1248 sed
218 1203 257 1248 ea
280 1186 516 1258 tantummodo,
544 1204 629 1268 quae
652 1187 694 1250 ad
722 1188 822 1252 finem
845 1190 1052 1271 propositum
1074 1190 1284 1270 pertinerent.
1323 1188 1391 1252 lam
1407 1209 1485 1252 vero
1501 1189 1625 1253 Valerii
1641 1191 1753 1253 verbis
1777 1210 1942 1272 ,conpo-

135 1290 254 1351 situm
275 1293 311 1352 ct
329 1290 575 1364 formatum“,
611 1293 672 1355 etsi
694 1313 769 1356 cum
789 1293 929 1357 Diodori
949 1294 1066 1378 verbis]
1087 1290 1183 1368 ,doris
1205 1289 1343 1365 ἐντολὰς
1359 1287 1398 1366 ἃς
1415 1315 1497 1359 ποτε
1513 1289 1625 1375 ἔδοξεν
1640 1291 1731 1378 αὐτᾷ
1747 1293 1940 1378 apotecae

134 1392 177 1455 ad
198 1411 346 1472 unguem
367 1413 435 1457 non
457 1401 653 1477 congruunt,
678 1417 787 1461 nonne
810 1397 925 1460 eadem
947 1417 1001 1461 res
1023 1399 1065 1461 ab
1088 1403 1229 1478 utroque
1252 1396 1411 1477 scriptore
1426 1397 1651 1482 significatur?
1684 1395 1781 1472 Quod
1797 1398 1943 1478 denique

135 1496 287 1558 Valerius
314 1517 470 1560 numeros
493 1499 631 1562 navium
658 1493 809 1564 accurate
834 1522 903 1565 non
929 1502 1065 1575 indicat,
1093 1502 1203 1565 studio
1230 1501 1402 1564 brevitatis
1429 1500 1577 1564 dandum
1604 1521 1679 1565 esse
1706 1502 1783 1582 quis
1811 1501 1942 1582 estqui

134 1602 253 1680 neget?
290 1599 346 1664 Ille
369 1601 473 1684 igitur
495 1622 570 1665 cum
592 1602 741 1668 Diodoro
764 1610 854 1669 tanta
876 1606 1123 1670 necessitudine
1146 1604 1307 1679 cohaeret,
1330 1607 1368 1667 ut
1390 1605 1431 1668 de
1452 1605 1556 1667 huius
1579 1607 1770 1669 auctoritate
1798 1605 1943 1670 dubitari

135 1709 289 1784 nequeat.

287 1808 355 1871 lam
385 1811 482 1872 venio
509 1811 552 1873 ad
580 1812 767 1894 exemplum
793 1810 851 1886 IX,
879 1813 909 1886 2,
937 1816 1001 1876 ext.
1019 1815 1048 1876 4.
1098 1813 1170 1876 Hoc
1196 1812 1349 1876 Valerius
1377 1811 1528 1893 explicat,
1564 1817 1705 1892 quantes
1734 1813 1942 1877 crudelitates

135 1911 285 1984 Zisemis,
313 1911 472 1976 Thraciae
493 1935 563 1988 rex,
586 1916 622 1977 in
645 1915 777 1980 civibus
801 1917 994 1981 exercuerit.
1027 1915 1121 1992 Quae
1142 1936 1221 1979 vcro
1245 1917 1286 1979 ab
1310 1915 1365 1979 illo
1382 1922 1565 1990 narrantur,
1581 1935 1735 1998 magnam
1751 1916 1942 1981 affinitatem

135 2035 207 2077 cum
231 2016 295 2078 hoc
316 2015 455 2081 Diodori
477 2019 551 2081 loco
573 2018 711 2082 habent:

333 2149 413 2209 Diod.
426 2149 480 2209 Sic.
494 2151 630 2223 XXXIV,
650 2159 685 2212 34
705 2153 738 2210 V.
750 2159 810 2214 373.
1324 2152 1385 2209 Val.
1399 2151 1473 2212 Max.
1485 2152 1535 2218 IX,
1553 2157 1580 2224 2,
1598 2158 1653 2213 ext.
1665 2159 1691 2212 4.

194 2251 255 2308 “ori
273 2253 287 2308 ὃ
304 2255 349 2310 τοι
363 2256 501 2328 Διυγιιιιος
518 2256 574 2320 otis
586 2262 737 2331 Ζιβέιμιυς,
756 2257 887 2326 {intextis
903 2258 951 2322 ιιὶς
968 2261 1014 2315 roi
1134 2252 1292 2330 †Zisemis,
1305 2256 1468 2330 Diogyridis
1477 2256 1535 2327 filii,
1547 2257 1683 2315 Thraciae
1693 2260 1775 2332 regis,
1785 2261 1838 2316 cisi
1851 2259 1942 2318 miuus

134 2337 232 2414 πατρὸς
254 2347 423 2413 μιαιγονίιις,
452 2345 627 2415 μνησικακῶν
650 2345 678 2400 a·
702 2344 766 2419 ὑπὲρ
787 2348 841 2400 τῶν
857 2351 912 2408 τοῖς
929 2349 1012 2420 Oppii
1065 2340 1259 2400 admirabilem
1278 2342 1474 2401 crudelitatem
1492 2345 1586 2416 gentis
1604 2345 1693 2418 ipsius
1712 2344 1942 2416 faritaa,aarran·

134 2431 321 2500 πραχθέντων,
332 2431 374 2482 ἐπι·
384 2429 488 2484 τοσοῦτο
500 2431 631 2504 προῆλθεν
644 2431 829 2503 ὥμότιμοςιισι
841 2438 1014 2506 παρανομίας
1065 2428 1130 2485 dam
1157 2434 1251 2486 tamen
1278 2429 1373 2486 rabies
1400 2431 1537 2487 saevitiae
1564 2431 1642 2502 iacit,
1673 2433 1717 2488 cui
1744 2450 1835 2506 neque
1861 2434 1943 2490 vivos

134 2509 199 2567 ὥστε
216 2511 276 2575 τούς
294 2516 500 2587 operabamur
517 2523 671 2579 πανοικίους
689 2523 876 2589 ιιμιιριῖσσυι.
897 2519 942 2572 tui
959 2516 1013 2592 peip
1064 2514 1192 2573 homiues
1210 2515 1318 2574 medios
1336 2533 1433 2573 secare
1450 2534 1542 2590 neque
1553 2523 1686 2590 parentes
1702 2517 1853 2576 liberorum
1868 2521 1944 2578 vesci

134 2604 193 2660 τοῖς
202 2599 342 2673 τυχούσαις
350 2605 448 2663 alciata
456 2601 515 2664 τούς
524 2605 576 2661 μιν
587 2603 722 2674 deraditis,
733 2601 792 2664 roric
804 2605 833 2658 di
842 2602 1012 2677 ἀνεσιιιιιρου,
1065 2620 1167 2675 cogare
1185 2602 1348 2674 corporibus
1366 2602 1444 2662 nefas
1461 2603 1521 2660 fuit.

135 2681 195 2745 τούς
216 2685 245 2739 di
268 2688 315 2740 καὶ
339 2687 437 2748 ζῶντος
460 2688 599 2763 evenleia.
622 2693 723 2760 γονέων
746 2689 775 2744 δι’
792 2693 821 2744 ιν
844 2687 950 2761 ὄμμασι
967 2691 1013 2744 εισι

135 2768 242 2832 κόλποις
269 2775 443 2844 ἐγκαιὲσγαζε
470 2779 557 2846 ιε’κνιι,
584 2777 630 2830 xci
657 2774 815 2848 κρεσνομῶν
840 2772 873 2831 tri
902 2773 1013 2845 σώματα

135 2860 273 2927 παρετίθει
289 2863 344 2920 τοῖς
368 2860 590 2932 συγγενεστάτοις,
615 2859 811 2933 ἀνανεούμενος
831 2859 879 2922 uic
898 2859 1014 2922 ποιαιάς

134 2945 237 3004 ιιιεινιις
257 2949 359 3016 Τηρέως
376 2943 390 3012 ἢ
408 2950 521 3002 Θυέστου
539 2948 643 3008 docaria.

290 3049 395 3133 Regis
424 3051 565 3116 Zisemis
592 3073 612 3116 a
639 3055 730 3118 nullo
758 3055 917 3135 scriptore
943 3055 1011 3117 nisi
1038 3073 1058 3118 a
1084 3055 1215 3118 Valerio
1242 3053 1387 3119 Maximo
1416 3054 1539 3118 mentio
1562 3055 1607 3118 fit.
1652 3053 1745 3130 Quae
1768 3062 1878 3120 autem
1901 3058 1943 3121 ab

135 3151 192 3214 illo
214 3152 359 3216 maxima
381 3175 456 3218 cum
477 3156 669 3220 crudelitate
692 3157 776 3221 facta
798 3177 873 3220 esse
895 3158 951 3220 hic
973 3163 1092 3232 narrat,
1117 3158 1231 3223 eadem
1255 3159 1322 3222 iere
1344 3159 1483 3222 redeunt
1506 3159 1543 3221 in
1565 3159 1704 3223 Diodori
1727 3161 1941 3239 expositione.

136 3253 221 3330 Quis
245 3257 332 3320 euim
356 3264 406 3322 est
428 3261 487 3339 qui
509 3261 669 3324 infitietur
690 3262 772 3324 haec
795 3264 880 3326 inter
902 3282 938 3325 se
961 3264 1157 3326 convenire?

135 3379 195 3443 scir
217 3383 245 3440 rii
267 3387 313 3439 καὶ
335 3385 434 3447 ζῶντος
450 3386 592 3462 ινὲπριζεῖ)
1065 3405 1156 3461 neque
1179 3389 1259 3445 vivos
1285 3388 1412 3445 homines
1435 3387 1542 3445 medios
1565 3405 1669 3452 secare,

136 3470 183 3522 ιιιιι
199 3470 357 3543 ιιριιινιμῶν
373 3470 407 3526 ιιι
425 3471 537 3545 σώματα
545 3475 594 3544 (sc.
607 3474 659 3530 τῶν
676 3475 787 3544 ιείινων)
805 3479 943 3549 παρετίθει
959 3480 1014 3537 τοῖς
1066 3492 1157 3542 neque
1172 3479 1302 3547 parentes
1315 3473 1465 3530 liberorum
1481 3476 1556 3530 vesci
1568 3491 1671 3545 cogere
1683 3473 1847 3545 corporibus
1865 3473 1943 3529 nefas

136 3556 359 3627 συγγενεστάτοις.
1067 3560 1126 3618 suit.

291 3670 384 3747 Quae
397 3691 472 3735 cum
484 3673 530 3735 ita
542 3673 813 3756 sint,Wesseliug
822 3674 1047 3748 etTorrenius,
1055 3675 1178 3737 Valerii
1190 3675 1327 3737 Maximi
1340 3675 1492 3744 editores,
1506 3671 1632 3734 Zisem
1640 3690 1695 3732 em
1706 3671 1942 3753 Diogyridis

137 3773 269 3838 iillum
292 3776 435 3840 eundem
459 3795 533 3840 esse
556 3782 654 3857 atque
678 3777 892 3862 Ζιβέλμιου
916 3775 1123 3864 Διηγύιιος
1145 3772 1232 3842 υἱὸν
1252 3781 1340 3839 recte
1366 3773 1531 3854 suspicari
1551 3773 1633 3836 mihi
1648 3773 1813 3838 videntur.
1848 3775 1944 3838 Adde

137 3877 228 3958 quod
244 3899 264 3942 a
280 3879 440 3943 Strabone
447 3883 472 3960 ³)
488 3886 520 3944 et
542 3882 583 3944 ab
598 3881 752 3963 Appiano
762 3885 787 3960 4)
802 3881 988 3964 Diegylis
1004 3879 1141 3961 quidam
1163 3879 1322 3942 Thraciae
1344 3898 1405 3942 rex
1426 3881 1707 3952 commemoratur,
1730 3882 1769 3939 ut
1789 3877 1943 3940 hocloco

135 3980 384 4065 DiegylidiS,
400 3991 438 4047 ut
450 3985 573 4066 Kampf
584 3986 748 4059 admonet,
760 3986 884 4048 rectius
897 3984 1109 4048 scribendum
1122 3984 1175 4047 sit.
1209 3981 1306 4058 Quod
1323 3982 1352 4044 si
1368 4001 1482 4044 verum
1499 3987 1558 4054 est,
1574 3980 1739 4045 Valerium
1755 3982 1943 4063 exemplum

137 4104 155 4147 e
181 4084 321 4150 Diodori
351 4106 450 4169 opere
480 4092 665 4152 mutuatum
696 4109 770 4152 esse
796 4087 969 4168 probabile
996 4092 1055 4149 est.
1107 4085 1245 4149 Frustra
1272 4087 1360 4148 enim
1388 4085 1533 4149 Graecos
1565 4090 1598 4148 et
1623 4085 1760 4148 Latinos
1793 4089 1943 4148 auctores

136 4190 363 4264 advocaveris,
390 4197 428 4255 ut
454 4193 604 4256 ciusdem
627 4193 685 4267 rei,
710 4213 808 4274 quam
831 4191 999 4254 Diodorus
1023 4195 1055 4252 et
1075 4188 1228 4252 Valerius
1251 4190 1428 4254 memoriae
1450 4187 1678 4271 prodiderunt,
1703 4188 1943 4269 expositionem

136 4294 329 4377 investiges.
379 4292 478 4371 Quod
504 4317 583 4360 vero
611 4297 665 4360 ille
694 4296 860 4378 eopiosior
881 4300 932 4358 est
956 4295 1029 4368 hoc,
1057 4293 1142 4356 nihil
1168 4294 1280 4370 refert3
1304 4314 1404 4376 saepe
1427 4294 1515 4358 enim
1537 4291 1583 4390 fit,
1612 4297 1649 4355 ut
1670 4290 1824 4354 Valerius
1846 4291 1943 4354 ducis

137 4400 357 4462 narrationem
380 4399 564 4464 breviorem
586 4400 711 4464 reddat.

293 4503 337 4564 Ei
370 4503 534 4585 exemplo,
568 4504 611 4567 da
645 4522 712 4584 quo
747 4501 844 4564 modo
878 4501 1057 4582 disputavi,
1092 4507 1167 4583 apte
1200 4501 1387 4564 adnectitur
1411 4499 1469 4574 IX,
1496 4500 1527 4573 2,
1555 4503 1619 4562 ext.
1640 4499 1670 4572 5,
1697 4497 1757 4560 ubi
1790 4497 1944 4561 Valerius

294 4723 317 4795 ¹)
334 4722 451 4798 Hygini,
475 4741 510 4781 ex
532 4725 609 4781 cuius
634 4723 714 4779 libris
736 4727 835 4780 auctor
858 4720 893 4779 de
916 4721 985 4778 viris
1008 4719 1163 4779 illustribus
1181 4719 1225 4794 (ci.
1238 4722 1309 4792 38,2)
1328 4738 1381 4778 sua
1397 4720 1562 4793 desumpsit,
1580 4719 1653 4777 ratio
1671 4715 1801 4776 habenda
1818 4734 1875 4775 nou
1892 4720 1944 4787 est,

141 4808 206 4880 quia
224 4807 270 4867 hic
287 4809 473 4867 Hannibalem
491 4811 591 4882 ipsum,
609 4813 642 4866 ut
659 4826 677 4865 a
694 4813 793 4866 senatu
812 4811 968 4882 quaereret,
986 4806 1191 4882 Karthaginem
1209 4806 1315 4880 fugisse
1333 4807 1426 4866 refert

295 4895 318 4968 ²)
336 4895 484 4970 Scriptura
501 4895 631 4971 ινειιιιριιε
647 4893 724 4951 haud
742 4893 801 4951 scio
819 4911 855 4951 au
873 4893 975 4952 mendo
996 4893 1100 4952 iniecta
1121 4895 1167 4953 ait
1203 4892 1304 4951 ldeliue
1328 4892 1364 4950 ad
1382 4892 1491 4951 Valerii
1513 4890 1602 4950 verba
1624 4889 1780 4964 „medios
1804 4891 1945 4949 secare“

141 4986 254 5059 ινέπριζι
272 4983 411 5058 quadrare
429 4981 499 5039 mihi
516 4981 637 5039 videtur.

293 5068 319 5228 3
335 5069 369 5213 ἓξ.
385 5067 546 5215 §lignidi
564 5087 590 5142 p.
603 5073 655 5129 624
673 5065 735 5125 Gor.
