4440 5674
968 248 1178 321 -18-

325 455 461 528 initium
483 461 539 527 fiat
560 455 603 528 ab
631 464 782 547 exemplo
797 464 851 539 ΠΙ,
875 464 904 539 2.
929 469 993 528 ext.
1010 465 1041 539 5,
1068 464 1159 545 quod
1186 483 1261 528 cum
1286 463 1425 528 Diodori
1452 471 1484 528 et
1506 461 1678 530 Ciceronis
1703 462 1758 528 his
1784 461 1866 530 loois
1889 483 1975 529 com-

171 568 363 650 ponendum
384 573 448 631 est:

311 683 596 757 caesaraea.
904 683 1246 758 credonensem.
1509 687 1572 746 vu.
1584 686 1657 747 uu.
1671 685 1723 760 111,
1741 693 1767 760 2,
1786 693 1878 748 aaa

221 789 470 862 (Ἐπαμινώνδας)
494 790 611 865 ἢρωικῶς
628 792 653 844 d’
675 788 739 863 ἀπλρ
842 789 908 847 Non
926 808 980 863 ego
997 791 1055 847 iam
1066 790 1286 864 Epaminondae,
1302 811 1358 850 non
1463 833 1612 850 .......
1624 791 1842 866 Epaminondae,
1855 795 1978 851 maxima

170 879 216 941 τῆς
233 885 309 947 νίκης
326 878 530 952 &pernotasset
542 882 653 951 καιρίαν
664 879 739 944 ἔλαβε
790 873 932 933 Leonidae
944 881 1064 934 mortem
1082 876 1165 935 huius
1177 879 1262 935 morti
1279 883 1356 936 ante·
1411 876 1976 952 ThebarumlelicitesidemqueLaoedae·

170 962 272 1038 πληγὴν
294 969 330 1026 είς
348 963 395 1020 τίν
416 962 538 1038 θώρακα.
580 965 740 1023 κλασθέντος
790 979 878 1035 pono,
909 981 1027 1037 quorum
1055 963 1127 1020 alter
1154 981 1216 1020 cum
1243 965 1359 1021 vicisset
1412 965 1501 1021 monis
1520 966 1610 1034 prima
1627 964 1729 1036 clades,
1748 983 1810 1022 cum
1834 970 1977 1046 vetustam

170 1052 199 1107 δέ
233 1050 279 1108 τοῦ
313 1049 436 1126 ἀόρατος,
470 1051 519 1105 καί
552 1049 599 1104 τοῦ
633 1047 739 1123 σιδήρου
789 1046 1026 1106 Lacedaemonios
1068 1049 1143 1123 apud
1187 1050 1359 1107 Mantineam
1411 1051 1470 1107 eius
1493 1051 1570 1107 urbis
1594 1051 1714 1125 gloriam
1731 1053 1921 1125 invictamque
1940 1051 1976 1108 ad

170 1140 392 1207 καταλειφθέντος
410 1141 438 1192 έν
455 1137 492 1210 τῷ
514 1135 626 1206 σώματι,
651 1155 738 1208 παρα·
790 1140 876 1209 atque
894 1137 956 1208 ipse
974 1137 1057 1210 gravi
1074 1137 1191 1194 vulnere
1203 1138 1358 1193 exanimari
1410 1135 1439 1193 id
1457 1142 1568 1210 tempus
1585 1137 1726 1210 publicam
1745 1140 1878 1195 virtutem
1901 1136 1976 1210 apud

166 1224 262 1298 χρῆμα
297 1227 370 1278 έπεσε
403 1225 576 1298 κατισχυθεὶς
610 1219 661 1277 ind
695 1220 739 1289 τῆς
789 1238 821 1278 se
851 1220 973 1287 videret,
1008 1227 1041 1280 ut
1075 1224 1197 1296 primum
1226 1222 1357 1296 dispexit,
1409 1220 1558 1280 Leuctram
1587 1229 1617 1282 et
1645 1224 1817 1282 Mantineam
1847 1225 1975 1281 secundis

170 1309 276 1382 πληγῆς.
296 1349 303 1364 .
323 1349 329 1363 .
351 1349 358 1363 .
378 1349 384 1364 .
405 1349 412 1364 .
432 1349 439 1362 .
459 1348 466 1362 .
485 1349 492 1363 .
511 1347 518 1364 .
537 1348 544 1362 .
790 1308 943 1380 quaesivit,
975 1307 1107 1364 salvusne
1137 1315 1214 1366 esset
1243 1309 1356 1382 clipeus.
1410 1309 1525 1382 proeliis
1540 1311 1723 1374 contudisset.
1736 1312 1870 1368 traiectus
1884 1310 1976 1380 hasta,

171 1394 447 1467 ..Ἐπαμεινώνδας
464 1395 488 1448 α’
505 1399 544 1450 έτι
560 1394 612 1457 ζῶν
629 1398 666 1455 ελς
691 1391 739 1460 τάν
790 1391 981 1451 (lumsalrum
994 1393 1168 1452 eseeflentes
1185 1398 1356 1470 suirespcn·
1410 1399 1546 1470 sanguine
1557 1403 1586 1454 et
1594 1399 1696 1470 spiritu
1705 1397 1837 1455 deficiens
1846 1413 1975 1454 recreare

169 1479 339 1555 παρεμβαλιὶν
361 1481 509 1555 ἀπηνέχθη,
532 1483 578 1536 καί
600 1479 653 1536 τῶν
674 1497 737 1551 σιγ-
790 1480 906 1550 diesem,
914 1482 1037 1554 rogavit,
1048 1488 1179 1539 essentne
1188 1481 1242 1538 fusi
1251 1482 1356 1540 hostes.
1409 1499 1440 1538 se
1458 1488 1592 1541 conantes
1603 1487 1724 1557 primum
1737 1483 1976 1556 anclypeussuus

169 1571 322 1635 κληθέντων
342 1567 441 1642 ἰατρῶν
458 1568 676 1638 ἀπαηηναμένων
698 1565 738 1622 ‘tu
789 1565 859 1624 Gum
878 1566 907 1623 id
925 1585 1046 1641 quoque,
1064 1573 1097 1625 ut
1114 1569 1255 1643 cupiebat,
1277 1569 1356 1626 audi·
1408 1569 1504 1625 salvus
1523 1575 1608 1639 esset,
1624 1569 1727 1627 deinde
1744 1588 1781 1627 an
1798 1573 1910 1643 penitus
1923 1569 1976 1626 fimi

169 1653 285 1723 πάντως,
300 1652 365 1710 ’ὅταν
382 1653 603 1730 έκκσῒιθιάρακος
614 1653 737 1728 έξαιρεθῇ
790 1654 887 1726 visset,
911 1655 993 1712 evelli
1015 1657 1099 1713 iussit
1122 1674 1193 1724 eam,
1218 1673 1274 1729 qua
1296 1661 1358 1713 erat
1409 1654 1505 1711 hostes
1532 1655 1625 1714 forent
1653 1658 1849 1731 interrogavit
1897 1654 1975 1724 Quae

168 1740 199 1797 τά
215 1741 287 1816 δορα,
310 1739 471 1814 συμβήσεται
488 1741 535 1795 καλ
552 1738 598 1796 τάν
616 1738 738 1794 θάνατον
790 1739 949 1810 transfixus,
966 1741 1085 1798 hastam.
1120 1742 1168 1799 Ita
1186 1743 1273 1800 multo
1291 1761 1356 1800 san·
1408 1747 1558 1815 postquam
1582 1761 1617 1800 ex
1639 1745 1725 1800 animi
1748 1745 1889 1800 sententia
1910 1761 1975 1801 oon·

169 1826 387 1895 έπακσλσαθῗηααι,
410 1824 593 1900 εὖψαχοτάτην
615 1824 661 1882 τοῦ
677 1830 737 1894 βίον
788 1828 874 1900 guina
892 1826 1007 1900 profuso
1024 1829 1053 1884 in
1071 1827 1181 1886 laetitia
1198 1834 1228 1885 et
1239 1829 1357 1888 victoria
1409 1829 1491 1902 perit,
1510 1829 1589 1901 „Non
1606 1830 1687 1886 finis“
1710 1830 1810 1905 inquit,
1833 1830 1975 1903 „conmili-

169 1909 354 1987 καταστροφὴν
375 1910 521 1980 έπωῆσατο.
558 1912 663 1987 πρῶτον
684 1911 737 1983 μέν
790 1920 834 1972 est
851 1918 987 1972 mortuus.
1409 1920 1498 1987 tonos,
1524 1917 1599 1973 vitae
1623 1934 1712 1982 meae,
1742 1916 1794 1974 sed
1819 1917 1919 1974 melius
1946 1922 1976 1974 et

168 1998 223 2076 γαρ
240 1999 287 2056 τάν
304 1996 471 2067 ἀπασπιοτην
489 1995 737 2074 προσκαλεσάμενος
1408 1997 1535 2076 †athius
1548 2003 1661 2059 initium
1673 2002 1800 2061 advenit:
1815 2021 1888 2060 nunc
1901 2005 1975 2059 euim

167 2085 330 2162 ἐπηρώτησεν
347 2089 373 2140 ελ
390 2087 532 2141 διασέσωκε
553 2082 602 2152 την
625 2084 735 2154 ἀσπίδα,
1408 2093 1504 2144 vester
1526 2087 1736 2162 Epaminondas
1759 2091 1892 2158 nascitur,
1909 2089 1975 2163 quia

167 2173 213 2230 τσά
229 2173 257 2229 ἀί
275 2173 408 2242 φήσαντος
425 2175 472 2227 καί
488 2174 581 2233 θέντος
592 2169 674 2239 ἀστὴν
685 2167 738 2245 πρά
1408 2175 1449 2230 sic
1466 2175 1592 2232 moritur.
1628 2174 1740 2232 Thebas
1764 2175 1849 2233 ductu
1873 2181 1903 2234 et
1925 2194 1973 2232 au·

167 2258 211 2327 τῗης
229 2257 344 2332 ἀρόσεως
361 2256 444 2313 πάλεν
465 2256 610 2333 έπηραέτησε
632 2255 736 2332 πότερα
1407 2261 1503 2333 spiclis
1527 2263 1596 2318 meis
1618 2267 1703 2334 caput
1724 2261 1861 2319 Graeciae
1887 2261 1974 2320 iactes

168 2343 346 2412 νενικήκασιν.
391 2343 609 2414 ἀποφαινομένου
636 2343 665 2398 δέ
691 2341 737 2398 τοῦ
1410 2345 1500 2411 video.
1522 2352 1552 2404 et
1573 2347 1654 2404 fortis
1678 2352 1708 2404 ot
1730 2350 1856 2406 animosa
1874 2349 1974 2406 civitas

167 2427 262 2492 παιδὸς
274 2427 315 2486 ὅτι
327 2431 439 2486 Βοιωτοί
455 2427 633 2499 νενικήκασιν,
645 2427 735 2505 ,,ὥρα“
1408 2431 1549 2506 Spartana
1558 2435 1632 2491 iacet
1640 2435 1725 2491 armis
1735 2437 1840 2492 nostris
1852 2435 1974 2492 abiecta:

167 2521 248 2586 σησέν
262 2518 333 2587 ,ἐστὶ
349 2515 498 2586 τελεοτάν,“
516 2517 562 2571 καί
579 2517 736 2590 προσέταξεν
1408 2537 1504 2576 amara
1520 2519 1710 2578 dominatione
1723 2520 1843 2579 Graecia
1854 2521 1975 2578 liberata

166 2603 297 2658 έκσιιάσαι
318 2601 349 2658 τὸ
370 2601 444 2676 ἀέρι.
479 2601 685 2671 ἀναβοησάντων
707 2601 735 2655 di
1407 2610 1459 2662 est
1488 2606 1580 2663 Orbus
1599 2625 1718 2681 quoque,
1731 2626 1787 2665 non
1805 2613 1901 2664 mmen
1913 2609 1974 2664 eine

167 2688 221 2744 τῶν
232 2687 372 2762 παρόντων
382 2690 531 2757 φίλων,καέ
538 2709 609 2750 τινος
618 2687 737 2748 εἰπόντος
1406 2689 1503 2748 liboris
1533 2695 1649 2765 morior,
1683 2696 1815 2766 quoniam
1842 2693 1973 2750 mirificas

167 2771 208 2830 ὅτι
231 2773 348 2849 seueros
375 2771 492 2840 ἄτεκνος,
515 2771 735 2845 Ἐπαμεινώνδα,
1406 2777 1478 2835 filias
1496 2777 1646 2837 Leuctram
1665 2786 1695 2838 et
1706 2780 1878 2837 Mantineam
1889 2779 1973 2837 relin-

166 2862 212 2916 καί
224 2859 413 2938 δακρύσαντος,
426 2858 485 2933 αμα
499 2865 551 2916 Ate
564 2861 633 2934 aaa
646 2878 734 2930 τητιν,
1406 2866 1488 2938 quo.“
1514 2864 1538 2922 Ε
1557 2885 1673 2940 corpore
1686 2866 1787 2924 deinde
1798 2885 1849 2924 suo
1861 2865 1973 2924 hastam

165 2945 251 3017 ,ἀλλά
269 2951 419 3003 καταλείπω
436 2946 484 3003 δίο
506 2949 666 3022 θυγατέρας,
687 2943 735 3014 την
1406 2950 1487 3008 educi
1507 2953 1590 3010 iussit
1613 2971 1702 3028 eoque
1721 2953 1801 3010 vultu
1824 2954 1973 3027 expiravit,

166 3053 191 3090 τι
222 3036 252 3088 έν
279 3031 419 3108 Αεέκτροις
449 3039 527 3102 νίκην
553 3035 599 3090 καί
628 3031 676 3103 την
705 3036 734 3087 έν
1406 3056 1470 3112 quo,
1488 3041 1513 3096 si
1531 3059 1593 3096 eum
1613 3039 1641 3096 di
1658 3041 1823 3098 inmortales
1848 3041 1972 3097 victoriis

164 3121 342 3194 Μαντινιίρ.“
376 3123 423 3176 καί
451 3121 497 3178 τοῦ
527 3120 636 3195 ἀόρατος
665 3125 733 3186 έξαι·
1405 3127 1464 3182 suis
1496 3126 1601 3200 perfrui
1636 3129 1713 3200 passi
1742 3132 1845 3193 essent
1874 3144 1972 3198 sospes

165 3205 732 3283 ριθέντοςάνεοπάσηςταραχῗηςέξέπνενσιν.
757 3174 762 3280 Ι
1405 3214 1514 3285 patriae
1532 3215 1643 3271 moenia
1660 3215 1801 3270 intrasset.

318 3310 411 3389 Quae
434 3311 583 3376 Iustinus
592 3316 614 3392 ι)
639 3314 680 3377 de
701 3314 955 3396 Epaminondae
977 3317 1072 3382 exitu
1094 3318 1241 3398 exponit,
1269 3337 1309 3382 ea
1335 3319 1376 3382 de
1399 3339 1500 3382 causa
1522 3321 1653 3384 silentio
1676 3325 1852 3403 praetereo,
1881 3318 1972 3398 quod

165 3435 240 3478 cum
264 3417 364 3480 rebus
388 3422 458 3480 tum
480 3418 594 3482 verbis
616 3437 636 3481 a
655 3419 787 3482 Valerio
810 3419 906 3484 valde
929 3420 1127 3503 discrepant.
1171 3421 1229 3485 Ille
1252 3423 1341 3484 enim
1362 3423 1629 3504 Epaminondam
1653 3431 1784 3488 scutum
1807 3428 1972 3486 servatum

164 3521 349 3584 osculatum
376 3540 450 3584 esse
476 3522 587 3595 refert,
615 3521 651 3584 id
678 3523 769 3602 quod
795 3524 832 3585 in
857 3523 960 3586 huius
988 3527 1175 3588 narratione
1201 3544 1270 3588 non
1296 3531 1432 3588 exstat·
1462 3529 1513 3590 De
1541 3529 1628 3590 dioto
1655 3532 1777 3599 autem,
1806 3545 1874 3605 quo
1902 3526 1973 3589 dux

165 3642 297 3706 pugnae
328 3624 370 3687 ad
401 3625 543 3687 Leuctra
573 3630 604 3687 et
635 3624 834 3689 Mantineam
866 3626 967 3690 lactas
998 3627 1084 3690 filiae
1115 3647 1194 3691 suaa
1222 3630 1384 3704 nominat,
1412 3629 1497 3692 nihil
1519 3631 1670 3710 explicat.
1716 3627 1809 3704 Quae
1832 3647 1905 3690 cum
1928 3631 1973 3691 ita

166 3731 242 3802 sint,
275 3727 445 3792 Diodorus
479 3732 511 3791 et
544 3727 660 3793 Cicero
693 3728 756 3792 soli
789 3749 865 3793 cum
892 3730 1023 3795 Valerio
1058 3732 1270 3813 comparandi
1305 3738 1393 3796 sunt.
1449 3731 1486 3795 In
1520 3733 1657 3795 Diodori
1685 3751 1762 3797 vero
1790 3736 1823 3795 et
1849 3731 1971 3795 Valerii

165 3832 434 3912 expositionibus
456 3834 538 3896 haec
560 3833 647 3895 inter
668 3851 705 3896 se
727 3835 943 3914 respondent:

165 3953 239 4018 ἔλαβε
258 3951 360 4022 πληγὴν
377 3956 414 4013 είς
431 3949 477 4006 τάν
495 3949 617 4027 θώρακα.
635 3955 795 4015 κλασθέντος
812 3954 840 4009 di
857 3952 904 4009 τοῦ
921 3951 1031 4026 δόρατος
1096 3953 1231 4010 traiectus
1249 3953 1332 4011 hasta
1962 3995 1968 4026 η

166 4037 212 4092 καὶ
231 4037 285 4093 τῶν
303 4041 507 4110 συγκληθέντων
524 4038 623 4114 λατράν
1095 4057 1223 4098 recreare
1241 4058 1273 4097 se
1291 4045 1425 4099 conantes

165 4123 270 4195 πρῶτον
291 4125 344 4196 μέν
363 4163 369 4177 .
389 4163 396 4177 .
417 4163 423 4178 .
444 4163 451 4178 .
469 4123 634 4199 έπηρώτησεν
655 4131 679 4182 ιλ
700 4125 843 4183 ιέιασέσωκε
865 4123 912 4195 την
934 4125 1043 4196 ἀσπίδα,
1096 4127 1217 4200 primum
1235 4145 1271 4183 au
1290 4127 1405 4200 clypeus
1423 4145 1490 4184 suus
1508 4127 1604 4185 salvus
1623 4133 1706 4193 esset,

166 4207 249 4263 πάλιν
266 4207 411 4283 έπηριάτησι
430 4213 533 4284 πότεροι
551 4209 713 4280 νενικήκασι.
1096 4211 1197 4271 deinde
1215 4232 1251 4269 an
1270 4215 1382 4288 penitus
1400 4213 1454 4270 iusi
1471 4214 1568 4272 hostes
1586 4215 1678 4272 forent
1695 4212 1890 4285 interrogavit.
1951 4255 1953 4258 .

165 4293 226 4368 „pri
239 4299 289 4350 Δία
301 4299 372 4365 μέν’
390 4317 479 4366 ηησιν,
499 4295 583 4368 ,ἀλλά
601 4301 751 4354 καταλείπω
763 4296 810 4356 cte
827 4303 984 4375 θυγατέρας,
996 4297 1044 4368 τὴν
1096 4317 1151 4355 non
1169 4306 1264 4356 tamen
1281 4302 1342 4357 sine
1359 4300 1455 4356 liberis
1474 4302 1586 4370 morior,
1606 4301 1737 4373 quoniam
1754 4297 1886 4356 mirificas
1899 4297 1971 4356 filias

165 4402 191 4437 τε
209 4385 238 4437 έν
257 4380 399 4455 Λεύκτροις
416 4389 493 4450 νίκην
510 4385 557 4438 καί
574 4381 622 4452 την
639 4387 668 4439 έν
685 4387 862 4459 έίέαντινείρ.α
1095 4385 1246 4443 Leuctram
1264 4391 1293 4443 et
1311 4387 1482 4443 Mantineam
1501 4387 1653 4459 relinquo.“

165 4472 212 4524 καί
230 4469 275 4525 τοῦ
293 4467 402 4546 ιλίρατος
418 4471 597 4544 ἐξαιρεθέντος
1095 4471 1119 4528 Ε
1137 4490 1255 4546 corpore
1268 4472 1369 4530 deinde
1386 4490 1437 4530 suo
1455 4472 1567 4529 hastam
1580 4471 1660 4529 educi
1674 4473 1757 4528 iussit
1962 4511 1970 4540 ‚

166 4553 229 4611 ἀνεο
247 4554 333 4624 πάσης
349 4555 468 4632 ταραχῆς
484 4558 641 4618 λξέπνινσιν.
1096 4576 1185 4632 eoque
1220 4560 1300 4616 vultu
1336 4559 1485 4631 expiravit.
1520 4576 1588 4632 quo,
1626 4561 1651 4615 si
1680 4577 1744 4617 eum
1775 4601 1781 4615 .
1810 4600 1817 4615 .
1847 4558 1972 4615 victoriis

1096 4647 1154 4702 suis
1163 4644 1267 4718 perfrui
1277 4646 1354 4718 passi
1363 4650 1466 4718 essent,
1476 4663 1575 4719 sospes
1584 4646 1695 4719 patriae
1708 4647 1819 4705 moenia
1830 4647 1971 4702 intrasset

319 4747 556 4828 Praeterquam
571 4749 663 4829 quod
674 4750 828 4815 Valerius
844 4770 891 4826 ea,
908 4769 994 4832 quae
1010 4752 1100 4832 apud
1111 4753 1295 4817 Diodorum
1311 4754 1433 4835 scripta
1448 4754 1542 4828 vidit,
1559 4755 1677 4835 partim
1692 4754 1729 4816 in
1740 4752 1974 4835 compendium

166 4851 298 4932 redigit,
334 4853 452 4932 partim
478 4851 641 4916 rhetorice
669 4861 807 4918 exornat
835 4861 934 4935 atque
961 4855 1148 4940 amplificat,
1183 4863 1293 4920 tantus
1321 4877 1507 4922 consensus
1535 4859 1744 4939 perspicitur,
1779 4863 1815 4919 ut
1849 4876 1907 4936 pro
1935 4874 1973 4917 eo

167 4953 410 5036 discrepantiae
432 4956 522 5019 leves
546 4976 620 5020 esse
643 4959 833 5023 videantur:

166 5095 369 5103 ——-—-.-.
380 5096 532 5104 -a--ffl--m
539 5099 569 5105 ..—

320 5143 340 5210 ¹)
371 5144 402 5198 cf.
423 5141 472 5207 vl,
490 5148 515 5213 8,
535 5149 591 5203 10··
604 5151 645 5203 13.
