4440 5674
987 235 1201 296 „25-

187 447 392 522 Collmann1)
416 442 652 522 comprobavit.
697 442 795 504 Nune
817 461 896 503 vero
920 441 1157 520 disputationis
1181 459 1273 503 meae
1297 459 1336 502 ea
1357 445 1459 520 parte,
1483 459 1569 519 quae
1593 440 1749 502 continuo
1773 445 1939 519 sequetur,
1961 442 1997 501 in

187 549 381 612 enarrandis
410 546 572 626 exemplis
601 547 747 609 externis
774 564 888 608 eorum
915 545 1064 625 ipsorum
1093 545 1255 623 capitum,
1284 543 1410 623 quibua
1438 543 1520 605 haec
1547 543 1698 624 exempla
1725 543 1882 606 adiuncta
1909 549 1996 616 sunt,

185 653 368 716 identidem
390 649 575 714 Diodorum
598 669 618 711 a
641 649 771 712 Valerio
798 648 985 710 adhibitum
1013 667 1087 711 esse
1109 648 1289 710 admodum
1312 646 1528 726 probabiliter
1550 647 1839 710 demonstrabitur.
1885 646 1998 722 Quidr

186 756 237 818 Ea
258 773 403 835 quoque,
428 753 617 832 dequibus
645 771 718 832 ago,
743 772 786 814 ex
808 751 899 814 illius
921 751 1124 814 bibliotheca
1146 751 1340 831 deprompta
1363 769 1437 813 esse
1460 769 1570 813 nonne
1590 750 1771 813 verisimile
1794 753 1863 812 est?
1900 749 1997 813 Adde

186 859 279 938 quod
294 858 471 920 verborum
494 856 671 919 consensio
694 855 780 918 inter
800 856 876 917 illos
898 856 1075 936 scriptores
1090 874 1192 934 quam
1208 856 1356 916 maxima
1370 853 1578 935 perspicitur,
1595 855 1788 935 praesertim
1805 854 1835 915 si
1849 853 1997 934 Appiani

185 963 428 1044 expositionem
451 961 488 1022 in
510 959 787 1040 comparationem
802 959 979 1021 vocavisti:
1016 967 1074 1019 Καὶ
1094 962 1225 1025 δ’Λτιλιις
1234 962 1337 1035 Ῥῆγλος
1349 967 1378 1018 εν
1391 963 1529 1038 ἀπορρήτῳ
1540 969 1595 1024 τοῖς
1607 967 1689 1019 τέλεσι
1698 962 1840 1035 Ῥωμαίων
1851 961 2000 1046 ἐπισκήψας

186 1062 320 1136 ἐγκρατῶς
337 1067 448 1135 ἔχεσθαι
464 1061 511 1117 τοῦ
527 1063 652 1132 πολέμου,
672 1060 821 1127 ἐπανῆλθεν
839 1063 864 1121 ἐς
882 1059 969 1131 λύμην
986 1061 1101 1131 ἕτοιμον,
1120 1061 1167 1114 καί
1185 1057 1267 1113 αὐτὸν
1284 1061 1310 1112 οί
1322 1057 1505 1132 Καρχηδόνιοι
1516 1063 1703 1132 καθείρξαντες
1715 1060 1744 1112 ίν
1755 1055 1894 1132 γαλεάγρᾳ
1905 1060 2001 1130 κε’ντρα

187 1149 324 1204 πάντοθεν
349 1148 443 1222 ἐχούσῃ
470 1149 637 1220 διέφθειραν.
673 1150 824 1218 Ξανθίππῳ
851 1147 879 1200 o'i
905 1144 935 1200 τὸ
959 1145 1095 1218 attexam
1122 1145 1270 1218 συμφορῶν
1298 1139 1361 1215 ἦρξε·
1399 1142 1581 1215 Καρχηδόνιοι
1602 1141 1658 1216 γάρ
1675 1141 1765 1208 αὑτόν,
1787 1147 1834 1196 ἵνα
1851 1141 1890 1214 μὴ
1912 1143 2001 1208 δοκοίη

187 1236 411 1312 Λακεδαιμονίων
428 1238 508 1308 ἔργον
524 1236 596 1288 είναι
612 1233 742 1297 τοσοῦτον,
760 1231 971 1304 ἀποκρινάμενοι
987 1229 1073 1304 τιμᾶν
1089 1231 1200 1300 δωρεαῖς
1217 1231 1326 1290 πολλαῖς
1344 1231 1391 1284 καί
1403 1233 1572 1304 προπέμπειν
1583 1231 1626 1284 ίπί
1637 1227 1751 1304 τριήρων
1762 1232 1788 1289 ἐς
1800 1228 2001 1300 Λακεδαίμονα,

186 1327 241 1382 τοῖς
256 1319 425 1392 τριηράρχοις
436 1321 597 1374 ἐνετείλαντο
607 1317 677 1390 μετά
689 1318 743 1372 τῶν
755 1315 945 1389 συμπλεόντων
957 1315 1095 1371 Λακώνων
1107 1321 1307 1370 καταποντίσαι.
1334 1312 1350 1370 ‘d
1365 1315 1418 1386 μίν
1436 1313 1467 1382 dri
1480 1315 1557 1382 δίκην
1574 1315 1654 1370 ἔδωκε
1671 1314 1748 1382 τὴνιίε
1767 1314 1908 1388 εάπραξίας
1908 1352 2000 1378 .....

188 1408 297 1484 Quid?
333 1407 432 1484 Quod
453 1408 565 1482 verba,
582 1427 668 1486 quae
691 1406 782 1487 apud
798 1404 1001 1478 Ciceronem,
1018 1423 1117 1484 quem
1133 1404 1277 1486 Krieger
1293 1405 1408 1466 statuit
1421 1403 1545 1466 Valerii
1561 1409 1738 1477 auctorem,
1756 1403 1999 1476 desiderantur,

188 1515 304 1576 eadem
328 1517 459 1575 exstant
481 1512 572 1592 apud
593 1511 796 1591 Appianum.
841 1508 934 1584 Quae
957 1528 1033 1572 cum
1054 1509 1101 1572 ita
1124 1509 1200 1582 sint,
1223 1508 1395 1570 Valerium
1417 1507 1556 1570 Diodori
1577 1507 1722 1588 vestigia
1743 1526 1892 1588 premere
1906 1505 1998 1569 haud

187 1616 400 1697 improbabili
425 1616 615 1679 coniectura
637 1615 793 1696 colligere
815 1613 898 1674 mihi
920 1612 1046 1675 videor.

340 1719 440 1781 Nune
462 1725 593 1781 transeo
613 1717 657 1780 ad
678 1717 827 1792 Diodori,
843 1715 976 1790 Valerii,
999 1713 1147 1795 Appiani
1169 1714 1270 1788 locos,
1294 1714 1420 1792 quibus
1437 1733 1494 1777 eos
1508 1713 1687 1788 Romanos,
1703 1715 1763 1793 qui
1779 1719 1855 1794 post
1870 1712 1999 1776 cladem

189 1822 398 1886 Cannensem
426 1823 468 1885 ab
490 1821 677 1885 Hannibale
699 1822 736 1884 in
764 1825 870 1884 castra
892 1839 928 1882 se
950 1819 1115 1882 redituros
1139 1836 1214 1880 esse
1236 1817 1377 1898 polliciti
1400 1819 1441 1881 de
1464 1818 1605 1896 captivis
1627 1818 1832 1880 redimendis
1857 1817 1998 1913 Romam

188 1927 283 1989 missi
296 1931 403 2011 ¹erunt
425 1931 534 2004 atque,
558 1945 633 1989 cum
656 1925 743 1987 nihil
758 1923 986 2005 profecissent,
1009 1921 1154 2003 proiecto
1176 1925 1387 1995 reverterant,
1411 1921 1577 1984 crudelem
1600 1922 1636 1983 in
1657 1921 1792 1984 modum
1815 1921 1997 1984 trucidatos

189 2049 264 2093 esse
286 2029 480 2110 explicatur.

251 2163 333 2221 Diod.
345 2162 400 2222 Sic.
413 2163 519 2234 XXVI,
537 2167 571 2222 23
589 2161 624 2218 V.
634 2166 697 2226 281.
887 2159 951 2216 Vel.
963 2159 1037 2216 Max.
1050 2159 1101 2230 IX,
1119 2163 1145 2228 2,
1164 2163 1218 2218 ext.
1232 2158 1282 2217 ab.
1583 2159 1705 2232 Appian.
1717 2159 1790 2216 Han.
1803 2160 1846 2218 28.

233 2267 293 2325 ’Ὁτι
339 2267 354 2323 ί
394 2267 519 2335 Ἀννίβας
565 2265 758 2338 ἀλλοτριώτατα
854 2261 930 2330 Quos
949 2281 1017 2320 vero
1036 2264 1065 2318 in
1083 2267 1177 2319 castra
1195 2261 1374 2336 perduxerat,
1478 2263 1654 2338 Σεμπρώνιος
1676 2259 1724 2319 οὖν
1746 2267 1792 2319 καί
1815 2267 1841 2319 oi
1858 2262 1908 2320 σάν
1930 2265 2003 2338 αὐτῷ

189 2355 355 2426 διακείμενος
382 2351 447 2426 πρὸς
468 2351 623 2424 Ῥωμαίους,
650 2355 679 2405 ἐκ
705 2352 758 2406 τῶν
802 2350 882 2422 paria
899 2349 958 2407 iere
975 2349 1094 2406 bairum
1111 2353 1140 2404 et
1152 2349 1373 2422 propinquorum
1427 2348 1474 2404 δίο
1498 2349 1553 2404 τοῖν
1579 2349 1761 2423 αἰχμαλώτων
1786 2349 1852 2426 πρὸς
1873 2351 2002 2420 Ἀννίβαν

189 2439 370 2512 αλχμαλώτων
399 2440 517 2500 ἐπιλέξας
544 2437 605 2498 τοάς
637 2437 758 2498 sitirem
801 2438 920 2507 iungens
955 2435 1030 2493 ferro
1067 2434 1216 2492 decernere
1253 2434 1374 2507 cogebat
1427 2435 1583 2505 ἐπανῄεσαν.
1604 2433 1638 2492 ‘¹0
1655 2437 1682 2490 δ’
1700 2441 1755 2492 ἔστι
1771 2433 1879 2508 μὲνοίίς
1890 2437 2001 2493 ἀπέδοτο

189 2531 226 2585 είς
247 2530 423 2598 μονομαχίαν
446 2525 599 2585 συνέζευξεν.
630 2521 758 2592 ἀδελαοάς
802 2540 894 2596 neque
929 2528 995 2579 ante
1031 2522 1167 2594 sanguine
1207 2520 1373 2593 explebatur
1427 2520 1616 2594 αλχμαλώτων,
1640 2526 1695 2578 ἔστι
1722 2521 1748 2577 δ’
1774 2520 1818 2584 οὓς
1849 2522 1892 2578 ἀπ’
1923 2521 2001 2598 ἀργῆς

189 2614 241 2682 μίν
258 2610 389 2679 ἀδελφοῖς,
407 2615 522 2684 πιοτέρας
534 2611 563 2664 ἀί
575 2613 650 2677 υίοῖς,
662 2628 757 2682 συγγε-
803 2626 887 2681 quam
922 2607 958 2664 ad
993 2626 1078 2664 unum
1109 2609 1245 2665 victorem
1275 2625 1372 2664 omnes
1427 2606 1520 2683 ἀνῄρει
1543 2611 1590 2662 καί
1611 2615 1665 2670 τοῖς
1688 2609 1795 2682 σώμασι
1812 2607 1860 2663 τὸν
1876 2606 2000 2679 ποταμίν

190 2703 243 2758 νεῖς
274 2699 302 2751 δὲ
311 2701 449 2769 συγγενέσι
475 2701 646 2770 μονομαχεῖν
675 2695 757 2766 ἦνάγ-
802 2693 994 2768 redegisset..
1015 2736 1046 2752 ..
1425 2692 1554 2768 ίγεφίρου
1571 2695 1617 2749 καί
1634 2698 1722 2768 ἐπέρα.
1744 2693 1800 2750 ὅσοι
1817 2695 1842 2748 ⁰*
1860 2689 1927 2762 ἦσαν
1946 2691 2001 2749 ἀπὸ

189 2784 274 2844 καζεν.
1426 2778 1469 2847 τῆς
1486 2778 1579 2847 βουλῆς
1601 2779 1617 2847 ἢ
1639 2777 1724 2841 ἄλλως
1745 2785 1897 2850 ἐπιφανεῖς,
1918 2801 2001 2854 μονο-

1425 2871 1527 2937 μαχεῖν
1544 2865 1639 2927 αὐτοῦς
1657 2865 1708 2921 ἀπὸ
1724 2872 1834 2928 θεαταῖς
1851 2873 1905 2928 τοῖς
1919 2874 2000 2936 Λίβυ-

1425 2971 1470 3006 σιν
1495 2951 1638 3024 ἦνιίγκασε,
1666 2957 1780 3025 πατέρας
1806 2973 1833 3008 τε
1859 2955 1926 3014 υίοῖς
1952 2955 1999 3008 καί

1425 3035 1554 3106 ἀδελφοάς
1588 3038 1725 3107 ἀδελφοῖς,
1760 3037 1837 3094 oridia
1871 3041 2000 3094 ἐκλείπων

1426 3123 1571 3194 ὑπεροψίας
1590 3124 1671 3196 ὠμῆς.

344 3249 437 3324 Quae
458 3249 495 3312 hi
519 3253 670 3311 auctores
692 3248 846 3322 reienmt,
870 3251 906 3312 in
928 3250 1019 3311 Livii
1041 3267 1140 3328 opere
1162 3268 1231 3312 non
1245 3249 1466 3328 reperiuntur.
1502 3247 1541 3311 Id
1562 3248 1646 3310 mihi
1665 3249 1744 3311 inde
1764 3249 1998 3312 deducendum

188 3353 321 3416 videtur
348 3371 432 3423 esse,
462 3353 553 3432 quod
580 3352 664 3426 fons,
693 3373 736 3415 ex
758 3372 825 3432 quo
848 3354 904 3415 hic
929 3354 1054 3426 haurit,
1084 3353 1164 3416 alter
1186 3358 1245 3427 est,
1270 3352 1360 3427 alter,
1384 3372 1427 3415 ex
1449 3372 1516 3431 quo
1539 3351 1588 3414 illi
1612 3372 1674 3430 sua
1695 3352 1884 3415 desumunt.
1929 3353 1998 3415 Iam

190 3475 291 3537 supra
316 3457 500 3519 Diodorum
528 3461 559 3519 et
587 3456 777 3537 Appianum
804 3457 841 3518 in
871 3457 978 3536 primo
1003 3457 1090 3519 bello
1117 3456 1248 3519 Punico
1277 3457 1497 3520 describendo
1525 3457 1668 3519 eundem
1701 3461 1868 3519 auctorem
1902 3459 1999 3535 sequi

189 3562 528 3624 commemoravimus.
569 3559 661 3624 Idem
684 3565 799 3623 autem
815 3560 1032 3622 iudicandum
1055 3566 1114 3635 est,
1139 3563 1168 3623 si
1191 3581 1245 3624 res
1268 3560 1354 3623 bello
1377 3559 1506 3622 Punico
1530 3559 1677 3622 secundo
1700 3565 1822 3642 gestae,
1846 3579 1933 3639 quae
1955 3560 1998 3622 ab

189 3665 237 3725 eis
260 3669 481 3743 exponuntur,
510 3664 689 3747 diligenter
709 3665 795 3728 inter
818 3683 854 3727 se
885 3664 1172 3744 comparabuntur.
1221 3665 1291 3728 Eae
1318 3653 1397 3727 ¹vero
1425 3663 1538 3726 multis
1565 3663 1647 3726 locis
1675 3683 1694 3726 a
1720 3663 1868 3726 Diodoro
1895 3668 1928 3726 et
1956 3664 1999 3726 ab

190 3768 343 3846 Appiano
365 3767 411 3830 ita
432 3774 616 3842 narrantur,
641 3775 678 3831 ut
700 3769 767 3849 ipsi
789 3769 875 3832 inter
897 3789 934 3832 se
957 3776 1140 3851 congruant
1162 3775 1262 3849 atque
1285 3789 1305 3832 a
1326 3767 1425 3832 Livio
1442 3768 1623 3831 discedant.
1661 3767 1777 3846 Itaque
1792 3767 1998 3846 (lollmann')

189 3869 338 3932 Silenum
366 3869 434 3932 illis
460 3873 631 3935 materiem
659 3872 968 3936 subministravisse
995 3875 1074 3937 inde
1101 3873 1283 3947 concludit,
1315 3873 1406 3952 quod
1434 3891 1547 3935 eorum
1578 3872 1784 3935 narrationes
1817 3872 1997 3935 Hannibali

188 3974 296 4054 magis
326 3973 439 4036 favent
469 3991 569 4052 quam
600 3975 694 4038 aliae.
743 3977 825 4040 Utut
850 3994 904 4038 res
932 3995 968 4038 se
994 3977 1109 4051 habet,
1143 3977 1328 4040 Diodorum
1363 3980 1395 4038 et
1424 3975 1617 4055 Appianum
1644 3974 1759 4038 eodem
1789 3981 1920 4040 auctore
1948 3978 1998 4040 uti

187 4076 368 4139 verisimile
390 4077 524 4140 videtur
549 4097 635 4142 esse.
684 4077 790 4141 Cuius
818 4087 927 4145 autem
953 4081 1109 4163 vestigiis
1137 4081 1264 4144 insistit
1284 4080 1453 4152 Valerius,
1484 4079 1544 4158 qui
1567 4097 1642 4141 oum
1665 4079 1732 4141 illis
1755 4080 1791 4141 in
1814 4081 1998 4144 enarrando

189 4181 339 4261 exemplo
373 4200 474 4261 supra
501 4181 598 4244 allato
626 4183 809 4246 consentit?
845 4185 900 4246 An
923 4184 1047 4247 Sileni?
1083 4185 1187 4248 Immo
1214 4185 1298 4248 mihi
1326 4184 1424 4247 valde
1451 4182 1609 4264 probatur
1630 4184 1695 4246 hoo
1721 4201 1857 4263 quoque
1882 4185 1999 4248 locoa

186 4282 343 4358 Diodoro,
366 4303 467 4364 quem
489 4287 608 4348 iterum
631 4290 731 4365 atque
754 4289 889 4367 saepius
911 4289 948 4352 in
971 4289 1179 4370 explicandis
1202 4289 1365 4368 exemplis
1388 4308 1406 4351 e
1428 4288 1568 4351 Punicis
1590 4287 1688 4350 bellis
1711 4288 1825 4368 petitis
1847 4287 1996 4362 advocat,

187 4405 250 4448 sua
269 4386 439 4450 Valerium
461 4393 648 4452 mutuatum
671 4409 754 4453 esse.
805 4392 895 4467 Quin
918 4393 1017 4456 etiam
1039 4411 1087 4466 ea,
1111 4411 1198 4472 quae
1221 4392 1278 4455 illa
1300 4391 1425 4455 Valerii
1446 4391 1550 4454 verba
1571 4392 1646 4472 ipsa
1671 4391 1872 4455 antecedunt
1896 4396 1997 4472 atque

186 4490 232 4552 ita
255 4509 291 4552 se
312 4491 454 4554 habent:

343 4589 448 4647 Eorum
467 4590 524 4648 dux
541 4591 690 4662 Hannibal,
708 4595 786 4651 euius
804 4596 911 4652 maiore
930 4613 965 4652 ex
982 4601 1063 4669 parte
1081 4597 1173 4652 virtue
1193 4596 1315 4652 saevitia
1333 4595 1490 4664 constabat,
1506 4596 1536 4650 in
1553 4593 1667 4651 flumine
1679 4593 1815 4667 Vergello
1834 4594 1997 4668 corporibus
2020 4595 2022 4600 ’

187 4675 320 4732 Romanis
337 4681 424 4749 ponte
442 4676 514 4733 iacto
533 4681 687 4736 exercitum
705 4679 872 4753 transduxit,
890 4687 923 4738 ut
934 4699 1024 4756 aeque
1036 4683 1213 4740 terrestrium
1225 4681 1378 4739 scelestum
1389 4681 1668 4754 Karthaginiensium
1681 4682 1826 4754 copiarum
1837 4681 1997 4754 ingressum

186 4767 264 4819 terra
281 4779 363 4835 quam
383 4765 588 4822 maritimarum
607 4764 756 4839 Neptunus
775 4769 958 4840 experiretur.

341 4853 491 4917 indidem
518 4856 681 4938 originem
710 4877 805 4920 suam
831 4859 953 4923 ducere
979 4876 1177 4940 persuasum
1203 4858 1346 4933 habeas,
1382 4860 1412 4921 si
1444 4858 1591 4939 Appiani
1618 4858 1731 4932 verba,
1768 4875 1854 4937 quae
1881 4857 1997 4922 eodem

341 5021 360 5090 ¹]
389 5022 422 5079 ol.
439 5023 457 5083 1,
469 5023 487 5078 l.
505 5027 587 5093 p.68,
604 5029 647 5083 69.

342 5107 362 5178 ²)
390 5108 423 5167 ct.
441 5109 488 5168 ll.
509 5128 535 5183 p.
549 5113 591 5170 79.
