4440 5674
942 213 1155 279 ...16-

145 430 316 511 quadrant.
362 428 498 490 Livium
521 433 640 502 autem,
665 428 763 490 ouius
785 426 899 489 relatio
922 426 1060 507 propius
1084 426 1126 488 ad
1148 425 1240 488 illius
1256 423 1444 504 exemplum
1468 428 1500 486 et
1520 421 1623 486 rebus
1638 427 1671 486 et
1684 423 1798 488 verbis
1813 421 1949 500 accedit,

143 535 186 596 ob
209 553 283 596 eam
305 551 441 595 causam
464 551 506 595 ex
528 531 591 594 hac
614 531 809 612 quaestione
824 529 1063 594 removendum
1077 547 1153 592 esse
1167 532 1258 610 puto,
1275 527 1366 608 quod
1381 527 1445 590 hoc
1460 527 1649 608 exemplum
1665 526 1757 590 aliud
1773 530 1949 609 praecedit,

143 638 235 718 quod
257 659 275 701 e
301 635 441 698 Diodori
463 635 665 698 bibliotheca
691 635 831 716 petitum
853 654 929 698 esse
951 633 1133 696 verisimile
1156 636 1246 712 est1),
1271 636 1371 712 atque
1393 631 1480 694 duae
1501 630 1767 694 narratiunculae
1788 632 1825 695 in
1846 633 1950 697 huius

143 742 259 805 eodem
273 741 358 803 libro
374 741 530 803 continuo
547 758 583 802 se
595 739 776 820 excipiunt
812 737 883 802 Hoc
897 759 977 803 vero
994 743 1188 819 argumento
1211 736 1382 815 Crohnii2)
1405 735 1655 809 dubitationem,
1670 741 1782 799 utrum
1797 735 1949 802 Valerius

141 845 179 907 in
201 845 264 908 hoc
286 844 437 924 exemplo
461 843 659 924 exponendo
674 843 765 905 Livii
788 863 833 907 an
854 842 1006 924 Pompeii
1029 843 1183 922 vestigiis
1206 843 1348 916 insistat,
1372 840 1540 903 sublatum
1562 839 1604 902 iri
1627 859 1734 920 spero.

294 947 364 1011 Iam
386 947 526 1011 veniunt
546 948 583 1010 in
605 947 834 1028 quaestionem
857 947 1008 1029 exempla
1021 946 1079 1020 IX,
1105 947 1154 1020 12,
1179 947 1279 1009 ext9
1302 951 1334 1008 et
1348 945 1405 1018 lX,
1430 945 1479 1018 12,
1504 949 1568 1007 ext.
1586 945 1635 1016 lo,
1659 943 1785 1023 quibus
1800 945 1842 1008 de
1857 945 1950 1008 exitu

141 1068 275 1133 Milonis
297 1075 330 1133 et
351 1067 554 1150 Polydamas
577 1070 771 1132 athletarum
795 1089 814 1132 a
835 1067 967 1131 Valerio
990 1065 1110 1148 egitur.
1153 1065 1215 1129 llis
1238 1085 1316 1130 vero
1338 1063 1479 1128 Diodori
1501 1063 1563 1126 hos
1585 1063 1676 1126 locos
1699 1083 1844 1146 apponc;

390 1167 471 1224 Diod.
484 1166 539 1226 Sic.
551 1169 603 1240 IX,
621 1173 656 1228 24
673 1169 710 1227 M
723 1173 765 1228 20.
1318 1163 1381 1222 Vel.
1395 1163 1468 1220 Max.
1480 1163 1532 1233 lx,
1551 1168 1592 1233 12,
1610 1167 1666 1219 ext
1678 1167 1703 1222 9.

200 1271 262 1329 “Ore
279 1277 351 1345 μέγα
368 1275 441 1329 ἐστίν
457 1276 488 1330 ού
506 1272 535 1328 τύ
552 1273 671 1347 δύναμιν
687 1272 840 1340 ὁπουδήποτε
852 1280 936 1348 σχεῖν,
949 1270 1019 1328 diti
1140 1268 1258 1343 Iungam
1282 1269 1355 1339 illoc,
1378 1285 1447 1342 quos
1466 1272 1496 1325 et
1513 1267 1687 1340 propositum
1707 1270 1737 1323 el
1755 1268 1846 1325 exitus
1865 1286 1948 1342 parea

139 1358 169 1416 κύ
196 1359 276 1433 ταύτῃ
305 1358 416 1420 δεόντως
439 1358 567 1436 χρῆσθαι.
600 1362 657 1414 ἐπεὶ
683 1365 709 1414 π’
735 1357 827 1430 ὄφελος
852 1362 959 1415 Μίλωνι
983 1359 1021 1432 καί
1071 1354 1143 1414 fecit.
1180 1355 1248 1413 Milo
1271 1353 1459 1425 Crotoniates,
1482 1371 1545 1409 oum
1566 1353 1622 1409 iter
1644 1351 1749 1409 faciens
1767 1370 1900 1426 quercum
1919 1356 1949 1411 in

141 1445 314 1521 Κροτωνιάτῃ
331 1443 362 1500 τύ
378 1449 492 1518 μέγεθος
510 1445 555 1513 τῆς
571 1447 631 1519 περὶ
649 1443 679 1500 τύ
696 1445 775 1517 σῶμα
793 1443 883 1517 ῥύμης
888 1467 897 1510 ;
1071 1459 1141 1514 agre
1151 1443 1246 1500 carneis
1255 1441 1362 1498 adactu
1371 1439 1467 1498 fissam
1477 1439 1603 1510 vidisset,
1613 1439 1701 1496 fretus
1711 1438 1818 1497 viribus
1830 1442 1949 1498 accessit

1070 1527 1106 1585 ad
1136 1547 1199 1584 eam
1229 1529 1399 1600 insertisque
1428 1525 1558 1583 manibus
1588 1525 1723 1583 divellere
1750 1533 1866 1585 conatus
1895 1533 1948 1584 est.

1070 1613 1146 1683 Quas
1164 1614 1250 1672 arbor
1268 1615 1394 1673 excussis
1412 1614 1508 1670 cuneis
1526 1613 1555 1668 in
1568 1630 1649 1670 suam
1666 1619 1796 1672 natnmm
1815 1619 1948 1673 revocata

1068 1703 1226 1774 conpressit
1239 1718 1359 1774 eumque
1373 1717 1436 1757 cum
1450 1703 1495 1757 tot
1507 1701 1645 1774 gymnicis
1659 1700 1760 1772 palmis
1769 1700 1948 1758 lacerandum

1066 1787 1133 1846 seria
1153 1787 1293 1860 praebuit

388 1926 469 1984 Diod.
483 1925 537 1986 Sic.
550 1927 602 1999 IX,
619 1931 654 1988 25
671 1925 709 1983 M
721 1931 763 1986 20.
1305 1924 1368 1982 Val.
1381 1923 1455 1981 Max.
1466 1923 1517 1997 ΙΧ,
1536 1929 1578 1995 12,
1596 1929 1653 1982 ext
1666 1929 1707 1985 10.

199 2029 261 2088 ὀτι
278 2029 442 2104 Πολυδάμας
459 2030 473 2088 ὅ
489 2031 617 2094 Θετταλὸς
635 2029 687 2088 ent
701 2031 1018 2107 τῆςπέτραςδιαρραγιλς
1137 2029 1211 2086 Item
1241 2029 1410 2103 Polydamas
1440 2028 1549 2086 athleta
1578 2033 1748 2104 tempestate
1784 2031 1946 2104 speluncam

139 2117 221 2174 πᾶσιν
231 2121 350 2185 ἐποίησεν
362 2117 479 2193 φανερύν
490 2117 526 2180 ὥς
543 2121 684 2188 ἐπισφαλές
695 2121 766 2173 ἐστιν
777 2116 856 2192 ἰσχύν
867 2118 919 2189 μὲν
930 2115 1016 2190 pryel-
1070 2115 1165 2174 subire
1188 2121 1302 2174 coactus
1327 2119 1400 2186 [est]¹
1427 2117 1513 2173 nimio
1539 2121 1570 2174 et
1595 2115 1689 2173 subito
1717 2119 1829 2174 incursu
1857 2135 1947 2192 aquae

138 2207 187 2272 λην
202 2208 282 2280 ἔχειν,
300 2205 365 2260 νοῦν
382 2206 410 2258 a·
427 2202 534 2279 μικρόν.
1069 2202 1239 2261 labefactata
1256 2220 1291 2260 ea
1308 2219 1342 2260 ac
1358 2207 1466 2274 ruente,
1479 2204 1580 2261 ceteris
1592 2202 1740 2260 comitibus
1752 2202 1819 2278 suga
1831 2205 1946 2278 periculi

1069 2290 1191 2362 egressis
1214 2288 1291 2347 solus
1320 2289 1426 2345 restitit
1451 2293 1596 2363 tamquam
1623 2290 1747 2347 humeris
1774 2293 1832 2347 suis
1858 2292 1946 2348 totius

1068 2376 1166 2433 ruinae
1185 2376 1287 2434 molem
1304 2380 1522 2447 sustentaturus,
1536 2375 1587 2434 sed
1604 2376 1728 2450 pondere
1740 2377 1816 2434 omni
1829 2393 1946 2450 corpore

1067 2461 1191 2519 hnmano
1208 2462 1368 2535 potentiore
1386 2479 1538 2536 oppressus
1556 2463 1654 2521 imbris
1671 2463 1790 2537 petitam
1807 2462 1946 2521 latebram

1068 2548 1209 2606 dementis
1227 2547 1294 2605 facti
1312 2546 1471 2621 sepulcrum
1488 2547 1595 2606 habuit
1625 2548 1750 2607 Possunt
1766 2549 1796 2608 hi
1808 2549 1945 2624 praebere

1068 2634 1265 2692 documentum
1283 2635 1369 2690 nimio
1381 2633 1482 2692 robore
1494 2635 1684 2694 membrorum
1696 2639 1824 2711 vigorem
1842 2639 1945 2693 mentis

1067 2719 1228 2792 hebescere,
1264 2721 1352 2793 quasi,
1388 2719 1529 2780 abnuente
1562 2727 1664 2780 natura
1699 2724 1844 2796 utrimque
1879 2719 1945 2780 boni

1067 2806 1257 2880 largitionem,
1270 2805 1330 2881 [ne]
1344 2825 1430 2881 supra
1442 2809 1588 2867 mortalem
1602 2811 1641 2866 sit
1651 2809 1814 2868 felicitatem
1826 2808 1944 2866 eundem

1067 2899 1097 2950 et
1115 2892 1336 2951 valentissimum
1356 2912 1419 2952 esse
1438 2900 1468 2953 et
1485 2897 1732 2969 sapientissimum.

290 2998 479 3064 Dolendum
502 3004 561 3074 est,
585 2998 676 3080 quod
699 3019 739 3063 ea
760 3018 847 3080 quae
869 2998 1039 3064 Diodorus
1062 3003 1136 3082 ipse
1159 3000 1200 3065 de
1222 3001 1408 3084 Polydama
1429 3009 1462 3067 et
1476 3003 1599 3067 Milone
1617 3004 1750 3068 athletis
1765 3004 1946 3086 explicavit

137 3111 321 3186 temporum
348 3105 472 3168 iniuria
498 3103 704 3168 interierunt.
748 3103 799 3168 Ea
821 3105 919 3179 enim,
943 3125 1030 3185 quae
1053 3106 1157 3180 attuli,
1181 3125 1224 3168 ex
1246 3105 1457 3171 Constantini
1479 3109 1759 3191 Porphyrogeniti
1781 3109 1838 3172 illo
1859 3108 1944 3172 libro

137 3213 294 3288 excerpta
319 3213 419 3288 atque
447 3209 663 3289 palimpsesto
691 3209 849 3272 Vaticano
878 3215 1009 3273 servata
1036 3215 1123 3273 sunt.
1167 3209 1242 3273 Etsi
1269 3231 1348 3274 vero
1370 3212 1454 3275 haec
1475 3212 1659 3294 fragmenta
1681 3212 1833 3276 breviora
1855 3216 1942 3284 sunt,

137 3331 238 3393 quam
271 3317 309 3374 ut
341 3330 384 3374 ex
416 3311 594 3375 verborum
623 3312 841 3376 similitudine
875 3314 1056 3393 quicquam
1090 3315 1169 3378 certi
1197 3316 1347 3378 conicere
1375 3335 1547 3395 queamus,
1583 3321 1692 3379 tamen
1717 3317 1753 3379 in
1783 3316 1944 3397 exemplis

137 3415 331 3479 enarrandis
358 3435 378 3479 a
399 3415 531 3478 Valerio
558 3414 697 3480 Diodori
724 3436 810 3498 opus
838 3415 1024 3480 adhibitum
1053 3437 1127 3481 esse
1156 3438 1199 3481 ex
1225 3438 1263 3481 ec
1292 3419 1447 3482 concludi
1469 3425 1587 3502 potest,
1611 3421 1702 3501 quod
1725 3419 1819 3482 illum
1841 3421 1943 3483 huius

136 3520 221 3583 libro
247 3520 296 3582 IX
323 3538 422 3582 usum
449 3539 523 3583 esse
550 3519 616 3582 ianr
645 3522 778 3601 supra⁸)
805 3520 1064 3584 demonstratum
1092 3527 1151 3586 est.
1199 3523 1351 3596 Accedit,
1382 3523 1474 3603 quod
1503 3524 1690 3605 scriptores,
1720 3524 1777 3605 qui
1803 3523 1942 3586 eandem

137 3624 305 3687 materiem
333 3625 406 3687 sive
432 3642 474 3686 ex
499 3623 639 3687 Diodori
666 3624 868 3688 bibliotheca
895 3625 978 3706 ipsa,
1007 3632 1044 3688 ut
1070 3626 1216 3700 Tzetzes,
1246 3627 1320 3690 eive
1346 3646 1389 3690 ex
1414 3627 1506 3689 illius
1534 3630 1666 3689 auctore
1696 3625 1873 3706 Ephoroq,
1906 3631 1944 3689 ut

137 3727 255 3790 Strabo
283 3732 314 3791 et
343 3727 541 3803 Pausanias,
570 3733 736 3809 sumptam
763 3729 940 3792 memoriae
968 3730 1122 3811 produnt,
1152 3731 1194 3794 ad
1216 3748 1365 3811 unguem
1388 3729 1455 3793 fere
1478 3749 1554 3792 cum
1575 3727 1707 3791 Valerio
1730 3730 1941 3792 conveniunt

135 3829 213 3906 Iam,
236 3836 275 3894 ut
295 3831 368 3913 ipse
392 3833 669 3914 comparationem
690 3832 857 3906 instituas,
881 3833 917 3896 hi
938 3833 1004 3898 loci
1026 3833 1289 3915 subiungantur:

937 3973 979 4036 de
1000 3973 1136 4036 Milone:

436 4070 540 4130 Strabo
558 4071 607 4145 Vl,
627 4078 651 4144 1,
669 4078 711 4133 12.
1356 4072 1476 4130 Pausan.
1495 4069 1546 4143 VI,
1565 4075 1607 4141 14,
1624 4075 1649 4130 8.

205 4182 316 4251 Λέγεται
345 4177 412 4250 γοῦν
441 4177 490 4248 (sc.
513 4177 619 4248 Μίλων)
649 4177 795 4254 ύδοιποριῖν
826 4200 887 4235 ποτε
916 4177 1013 4247 attae
1128 4179 1291 4235 Ἀποθανείν
1313 4180 1341 4236 ol
1359 4176 1410 4235 ύπύ
1427 4183 1531 4252 θηρίων
1548 4178 1634 4248 φασίν
1651 4173 1793 4246 obstruso.
1806 4174 1941 4246 Μίλωνα)·

135 4269 248 4334 βαθείας
274 4263 425 4338 παραβῆναι
448 4260 494 4330 τῆν
512 4261 574 4318 actv
591 4267 634 4320 λπί
657 4267 744 4330 πλέον,
769 4268 821 4320 rld'
839 4264 1012 4340 separetur
1064 4269 1198 4340 ἐπιτυχεῖν
1216 4263 1270 4338 γαρ
1288 4263 1369 4321 αι’πύν
1386 4268 1415 4319 ίν
1432 4264 1462 4334 πῇ
1474 4262 1670 4335 Κροτωνιάτιδι
1685 4261 1854 4332 αὐαινομένῳ
1866 4259 1941 4332 ξύλῳ,

135 4356 207 4424 μέγα
225 4353 421 4422 ἐσφηνωμὲνον,
433 4347 559 4419 ίμβαλιύν
567 4356 662 4426 χεῖρας
679 4349 739 4423 ἅμα
757 4352 803 4406 καί
815 4351 900 4414 πύιίας
916 4355 953 4413 είς
965 4349 1012 4420 τὴν
1064 4351 1160 4421 σφῆνες
1168 4351 1197 4406 ds*
1206 4355 1355 4425 ἐγκείμενοι
1365 4353 1505 4407 διίστασαν
1514 4347 1544 4404 τύ
1551 4347 1636 4410 ξύλον.
1650 4345 1699 4402 tce·
1710 4343 1761 4402 ύπύ
1773 4345 1942 4420 φρονήματος

135 4435 276 4493 διάστασιν
299 4434 439 4505 βιάζεσθαι
465 4434 530 4511 πρὸς
556 4435 587 4492 τύ
610 4437 747 4505 διαστῆσαι
772 4440 862 4500 πλέως,
890 4437 1012 4494 τοσοῦτον
1065 4437 1192 4494 &Milev
1214 4443 1325 4504 καθίησι
1346 4437 1394 4500 σας
1408 4442 1504 4510 χεῖρας
1525 4439 1551 4496 ἐς
1573 4431 1603 4490 τύ
1620 4432 1705 4495 ξύλον·
1727 4431 1899 4489 ὀλισθάνουσί
1915 4455 1942 4488 τι

135 4521 256 4597 δ’ίσχασε
272 4520 359 4595 μύνον
376 4519 435 4577 ὥστ’
453 4525 573 4578 ἐκπεσεῖν
588 4523 648 4586 σούς
666 4523 775 4593 σφῆνας·
793 4527 840 4578 ελε’
858 4522 938 4586 εύθύς
955 4526 1011 4578 ἐπι·
1064 4520 1096 4590 δὴ
1113 4525 1140 4577 ol
1157 4523 1261 4592 σφῆνες,
1278 4524 1325 4577 καί
1342 4521 1469 4596 ἐχόμενος
1487 4519 1501 4576 ὁ
1518 4523 1613 4575 Μίλων
1632 4517 1682 4575 ύπύ
1698 4519 1744 4575 κού
1761 4519 1837 4582 ξύλου
1854 4521 1942 4581 λύκοις

135 4615 281 4681 συμπεσεῖν
304 4606 337 4665 τύ
359 4613 428 4684 μέρη
450 4609 496 4666 rori
521 4608 605 4677 ξύλον,
628 4611 815 4679 ἀποληφθέντα
846 4607 957 4666 ύάύεύν
982 4612 1012 4664 ἐν
1063 4612 1165 4681 ἐγένετο
1183 4605 1293 4684 εὕρημα.

134 4693 165 4764 τῇ
181 4691 287 4767 ποιούσῃ
304 4692 378 4769 πάγῃ
398 4693 566 4769 θορύβρωτον
582 4700 718 4768 γενέσθαι.

288 4850 309 4920 ¹)
336 4849 568 4924 ctscprap.14.

289 4937 312 5010 ²)
339 4937 402 4997 etl.
414 4937 432 4993 1.
450 4955 478 5012 p.
492 4943 533 4997 18.

289 5024 311 5096 ⁸)
338 5024 371 5082 cf.
390 5041 476 5097 supra
494 5041 521 5097 p.
534 5028 645 5083 10-11.

288 5111 310 5182 ⁴)
337 5108 454 5165 Kldberi
472 5108 520 5167 l.l.
540 5109 572 5166 ci.
593 5114 672 5182 phtl.
