4440 5674
1003 215 1215 280 „10-

359 423 435 490 Non
469 446 520 490 me
554 423 640 509 fugit
670 423 838 496 Valerium
873 444 925 498 ea,
960 443 1046 506 quae
1073 419 1241 488 Diodorus
1269 423 1381 488 multis
1407 421 1520 486 verbis
1543 427 1693 486 accurate
1716 420 1872 504 explicat,
1896 421 2013 504 paucis

205 530 387 594 absolvere.
420 531 538 610 Neque
552 550 631 593 vero
651 550 694 593 ex
716 549 755 592 eo
778 529 1044 593 concludendum
1066 534 1117 591 est
1139 528 1327 609 exemplum
1347 547 1389 590 ex
1404 527 1606 591 bibliotheca
1621 527 1783 609 originem
1799 547 1866 590 non
1881 528 2011 599 ducere,

205 654 282 698 nam
304 635 397 698 illum
420 654 579 717 persaepe
602 635 724 698 fontem
746 634 782 696 in
805 633 1038 714 compendium
1059 633 1211 715 redigere
1234 632 1315 696 satis
1338 636 1474 694 constat.
1513 631 1608 696 Adde
1632 631 1722 711 quod
1745 635 1835 694 tanta
1856 635 1907 693 est
1928 630 2014 694 inter

205 741 291 804 duos
324 740 501 820 scriptores
534 758 644 802 rerum
678 743 777 818 atque
804 738 902 801 etiam
928 737 1137 818 singulorum
1164 735 1340 798 verborum
1368 735 1565 810 similitudo,
1594 740 1632 797 ut
1654 754 1727 798 eam
1749 734 1915 798 fortuitam
1938 754 2013 798 esse

206 847 350 906 statuere
371 862 530 923 nequeas.
573 841 791 924 Respondent
812 843 901 906 enim
924 841 1010 904 inter
1032 859 1068 903 se
1089 841 1185 904 haec:

204 986 344 1058 ύπιηδουλῆν
361 986 430 1044 κατά
446 987 493 1043 τοῦ
509 985 639 1062 τυράννου
656 984 837 1055 κατεστήσατο.
1136 983 1171 1040 de
1190 983 1267 1040 cuiue
1286 999 1354 1040 nece
1372 981 1517 1040 eonsilium
1535 983 1638 1040 inierat

204 1073 273 1130 κατά
299 1072 348 1136 τάς
373 1077 402 1130 ύν
427 1080 484 1136 ταῖς
508 1071 637 1142 βασάνοις
662 1071 785 1144 άνάχτιας
814 1070 1011 1148 διερωτώμενος
1034 1069 1085 1128 ini
1136 1087 1199 1128 cum
1226 1073 1405 1143 torquemur
1431 1111 1438 1126 .
1467 1111 1474 1125 .
1501 1111 1508 1126 .
1537 1068 1749 1126 indicandorum
1778 1069 1873 1142 gratia
1904 1069 2011 1124 consei-

204 1161 250 1216 τού
268 1158 390 1236 Νεάρχου
406 1165 476 1222 τίνες
492 1155 559 1228 ἦσαν
576 1161 603 1215 ολ
620 1157 773 1228 συνειδότες,
1136 1173 1217 1214 cmm

204 1248 252 1302 κού
269 1243 328 1320 ἅμα
345 1245 549 1322 τιμωρύσάσδαι
566 1241 612 1302 τύν
629 1249 760 1319 Νέαρχον,
1134 1243 1249 1300 ultionis
1267 1240 1384 1314 cupidus

204 1330 223 1388 ίύ
241 1337 355 1389 συνοίσει
372 1337 460 1405 τηρεῖν
477 1336 506 1388 εν
523 1330 669 1409 ύπσρρητρ.
1135 1328 1210 1404 quod
1228 1333 1337 1386 secreto
1356 1326 1453 1384 audire
1471 1345 1535 1385 eum
1553 1326 1703 1384 admodum
1722 1326 1869 1400 expediret

204 1417 361 1495 περιχανιύν
378 1418 409 1475 τύ
424 1414 469 1481 ούς
486 1422 603 1494 ύνέπρισε
621 1423 676 1480 τοῖς
693 1417 790 1474 ύδούσι.
1135 1434 1230 1474 aurem
1250 1418 1310 1472 eius
1328 1431 1425 1472 morsu
1438 1415 1574 1488 corripuit

204 1508 251 1564 καί
260 1503 365 1578 τοιούτῳ
378 1503 522 1581 τιχνημοτι
533 1505 587 1560 τῶν
598 1503 753 1576 ἀλγηδόνων
766 1501 885 1572 ἀπελύθη
897 1505 943 1561 ταί
953 1503 1026 1580 πορδ
1039 1505 1084 1561 τού
1135 1519 1219 1575 quam
1237 1505 1267 1558 et
1284 1503 1345 1575 ipse
1363 1502 1465 1558 vita‘et
1476 1501 1523 1558 ille
1535 1506 1616 1575 parte
1629 1501 1755 1574 corporis
1772 1501 1940 1574 privaretur.

204 1589 336 1668 τυράννου
352 1589 401 1659 τάν
418 1591 595 1666 ἐνδεχομένην
612 1591 688 1658 ἔλαβε
704 1595 847 1663 τιμωρίαν.

359 1706 503 1770 Maxime
526 1710 635 1768 autam
656 1703 797 1769 Diodori
819 1705 996 1768 auctoritas
1018 1723 1058 1768 eo
1079 1705 1253 1778 evincitur,
1277 1704 1369 1784 quod
1390 1703 1493 1768 huius
1516 1704 1619 1768 verba
1641 1700 1793 1770 anaidem
1813 1750 1918 1769 .....
1942 1698 2011 1787 ἅμα

205 1805 454 1896 τιμωρήσασθαι
466 1805 527 1874 τδυ
538 1807 692 1894 Νέαρχον
701 1807 842 1872 redeunt
852 1808 943 1889 apud
954 1807 1122 1871 Valerium
1134 1809 1193 1871 ita:
1214 1808 1403 1882 ,ultionis
1420 1808 1629 1890 cupidus“.
1652 1807 2008 1880 Hocmirumvidetur,

205 1913 297 1994 quod
318 1913 374 1976 hic
395 1913 431 1975 in
452 1931 491 1976 eo
514 1913 631 1993 capite,
655 1913 710 1975 cui
733 1913 798 1975 hoc
816 1911 1005 1992 exemplum
1021 1911 1237 1975 subiunctum
1253 1919 1313 1987 est,
1335 1912 1478 1977 Nearchi
1493 1911 1614 1976 iactum
1629 1913 1807 1993 patientiae
1823 1910 2010 1992 exemplum

205 2017 307 2091 affert,
323 2036 391 2080 non
413 2017 455 2080 de
470 2017 596 2080 ultione
612 2016 690 2098 agit
728 2014 837 2093 Quid?
873 2015 997 2078 Valerii
1012 2015 1267 2090 nar-ratiuncula,
1292 2017 1321 2079 si
1336 2016 1440 2080 verba
1463 2016 1638 2102 „doloris
1660 2017 1812 2080 victor“
1838 2015 2008 2096 excepisti,

204 2141 315 2186 nonne
341 2121 450 2204 magis
476 2121 519 2184 ad
546 2120 705 2184 ultionem
731 2139 832 2201 quam
859 2119 903 2183 ad
929 2120 1122 2200 patientiam
1149 2119 1309 2201 pertinet?
1352 2120 1424 2184 Hoc
1449 2121 1533 2184 mihi
1555 2141 1594 2185 eo
1616 2121 1828 2202 potissimum
1850 2118 2009 2201 explicari

204 2243 304 2306 posse
326 2224 467 2298 videtur,
491 2225 583 2304 quod
604 2222 659 2285 ille
682 2242 745 2286 sua
766 2243 809 2286 ex
828 2222 967 2287 Diodori
990 2225 1062 2287 loeo
1085 2243 1266 2305 excerpens
1288 2223 1388 2288 finem
1411 2225 1617 2306 propositum
1639 2225 1797 2307 neglexit.

356 2344 519 2425 Exemplo
540 2342 594 2418 IV,
620 2344 648 2417 1,
672 2350 736 2407 ext.
760 2345 790 2418 7,
813 2345 856 2408 ad
879 2344 970 2425 quod
991 2363 1083 2408 nunc
1105 2350 1247 2418 transeo,
1270 2346 1465 2410 modestiam
1488 2351 1614 2428 septem
1634 2345 1782 2408 virorum
1798 2344 2007 2426 sapientium,

205 2448 265 2529 qui
291 2467 430 2512 aureum
456 2447 620 2529 tripodem
647 2447 829 2529 sapientiae
856 2448 1040 2529 praemium
1066 2467 1181 2512 omnes
1207 2449 1365 2530 deinceps
1392 2455 1600 2532 negaverunt
1620 2453 1653 2512 et
1673 2454 1839 2530 postremo
1862 2448 2009 2529 Apollini

204 2557 242 2615 ut
263 2551 510 2633 sapientissimo
526 2551 810 2626 adiudieaverunt,
826 2551 979 2615 Valerius
994 2551 1115 2616 laudat.
1149 2550 1281 2629 Quanta
1302 2553 1551 2618 necessitudine
1572 2554 1629 2617 hic
1651 2573 1727 2616 cum
1748 2552 1895 2616 Diodoro
1911 2554 1948 2616 in
1970 2572 2010 2616 ea

204 2675 239 2717 re
262 2655 460 2719 coniunctus
483 2654 535 2729 sit,
559 2655 654 2717 facile
675 2655 859 2738 intellegas,
883 2657 913 2720 si
935 2656 978 2719 ad
999 2655 1103 2718 verba
1124 2655 1248 2719 Valerii
1269 2655 1409 2720 Diodori
1430 2657 1493 2719 hos
1513 2657 1605 2720 locos
1628 2656 1839 2738 apposueris:

422 2839 503 2898 Diod.
516 2837 572 2898 Sic
585 2839 635 2912 IX,
653 2841 701 2911 da,
719 2845 744 2901 7.
763 2839 801 2898 Μ.
814 2845 855 2901 15.
1391 2841 1453 2900 val.
1465 2841 1532 2900 Max
1548 2843 1601 2916 IV,
1620 2845 1643 2916 1,
1663 2847 1718 2903 oxu
1732 2849 1756 2904 7.

1201 2960 1291 3020 Huius
1310 2963 1365 3020 viri
1382 2965 1487 3022 mentio
1507 2964 1610 3022 subicit
1626 2964 1706 3023 atde
1718 2969 1827 3039 septem
1839 2964 2009 3038 sapientium

1134 3045 1325 3107 moderatione
1337 3049 1465 3108 reseram.
1493 3051 1519 3107 A
1531 3051 1718 3124 piscatoribus
1730 3053 1760 3108 in
1771 3050 1882 3108 Milesia
1893 3053 2009 3124 regione

1134 3135 1319 3192 everriculum
1363 3135 1541 3194 trahentibus
1585 3138 1700 3211 quidam
1744 3139 1848 3195 iacbrm
1893 3140 2007 3194 emerat

1133 3219 1269 3278 Extracta
1287 3221 1388 3280 deinde
1406 3223 1502 3298 magni
1515 3223 1648 3297 ponderis
1666 3222 1899 3296 anreaDelphica
1910 3237 2008 3277 mensa

1134 3311 1198 3364 orta
1214 3310 1408 3366 conhoversia
1425 3315 1478 3382 est,
1495 3309 1551 3368 illis
1568 3311 1686 3384 piscium
1698 3327 1729 3367 se
1747 3313 1893 3382 captiuam
1910 3305 2007 3364 vendi·

1133 3391 1209 3450 disse
1221 3393 1443 3469 adfirmantibus,
1452 3395 1507 3454 boc
1518 3397 1659 3455 fortunam
1669 3397 1769 3454 duetus
1779 3396 1881 3454 emisse
1891 3393 2008 3453 dicente.

1134 3476 1195 3546 Qua
1213 3481 1373 3555 cognitione
1389 3488 1507 3557 propter
1518 3485 1675 3542 nentatem
1693 3485 1735 3540 rei
1747 3487 1777 3540 et
1787 3480 2009 3555 magnitudinem

1133 3568 1269 3639 pecuniae
1292 3568 1329 3624 ad
1350 3571 1513 3627 universum
1537 3571 1661 3627 civimtis
1684 3571 1744 3627 eius
1761 3567 1897 3640 populum
1915 3565 2010 3623 delata

274 3662 321 3718 tia
340 3657 401 3716 “on
426 3661 486 3735 περί
510 3659 556 3716 τού
583 3659 685 3735 χρυσού
712 3658 836 3736 τρίποδος
865 3657 1082 3732 ἀμφισβητήσεως
1133 3653 1239 3725 placuit
1250 3653 1409 3727 Apollinem
1423 3653 1588 3728 Delphicum
1603 3653 1710 3712 consuli
1727 3655 1837 3710 cuinam
1855 3651 2009 3710 adiudicari

205 3745 281 3815 σύσης
298 3745 314 3814 ἦ
331 3751 424 3802 Πυθία
443 3750 552 3821 ἔχρησεν
568 3743 659 3808 οὕτως·
1133 3756 1231 3796 mensa
1249 3740 1373 3798 deberet.
1410 3741 1485 3798 Dens
1505 3740 1652 3815 respondit
1672 3741 1713 3796 illi
1732 3757 1794 3797 esse
1813 3738 1942 3808 dandam,
1961 3739 2011 3812 qui

267 3830 383 3905 Ἐνγονι
401 3831 525 3900 Μιλήτου,
543 3831 667 3906 τρίποδος
684 3836 744 3906 πίρι
761 3837 863 3900 ψσλρον
880 3830 990 3906 ἐρωτᾷς
1133 3827 1273 3899 sapientia
1291 3833 1399 3885 ceteros
1417 3831 1584 3900 praestaret,
1604 3827 1649 3885 bis
1667 3826 1775 3885 verbis:

276 3923 324 3980 Τίς
341 3923 422 3990 σοηίρ
441 3917 543 3993 πρῶτος
560 3917 684 3986 πάντων,·
701 3916 782 3992 τούτῳ
799 3917 903 3990 τρίποδ’
922 3917 1003 3973 aare.
1203 3920 1251 3975 Τίς
1268 3921 1348 3986 σσηίρ
1366 3915 1467 3984 πρῶτος
1484 3915 1609 3982 πάντων,·
1625 3913 1707 3987 τούτῳ
1724 3915 1829 3991 τρίποδ’
1849 3913 1930 3968 αύδιύ.

274 4007 299 4063 7.
318 4003 379 4060 ’Ὁτι
390 4005 415 4058 oi
427 4001 552 4071 Μιλήσιοι
564 4002 743 4072 άκολουδῆσσι
755 4002 958 4078 βουλάμενοιτῷ
966 4003 1082 4079 χρησμῷ
1203 3998 1272 4055 Tum
1300 3999 1402 4056 Milesii
1425 4017 1562 4058 consensu
1584 4001 1695 4059 Thaleti
1718 4017 1843 4057 mensam
1865 3997 2012 4056 dederunt.

206 4089 305 4158 Θάλητι
317 4089 353 4163 τῷ
365 4091 489 4162 Μιλησίῳ
501 4089 554 4144 τῶν
571 4088 637 4146 ἑπτά
655 4090 746 4160 σοιηῶν
764 4088 794 4146 τύ
805 4089 937 4166 άριστείον
948 4089 1082 4160 ἐβούλοντο
1134 4083 1186 4141 Ille
1213 4087 1300 4142 cessit
1325 4103 1360 4143 ea
1385 4085 1489 4156 Bianti,
1515 4085 1582 4144 Bias
1609 4087 1728 4156 Pittaco,
1754 4088 1779 4143 is
1803 4086 1930 4158 protinus
1953 4084 2009 4154 alii,

206 4176 308 4232 δσύνιιι.
348 4173 395 4231 σύν
425 4175 537 4231 διλπεῐν
569 4175 604 4237 ύς
635 4176 681 4232 ota
717 4180 771 4232 ίστι
798 4175 907 4232 πάντων
925 4175 1082 4246 σοηιύτατσς,
1134 4170 1322 4246 deincepsque
1349 4191 1401 4246 per
1429 4175 1553 4230 omnium
1581 4180 1690 4247 septem
1720 4173 1887 4245 sapientium
1912 4169 2009 4228 orbem

206 4259 394 4335 συμβουλεύειν
414 4262 443 4315 δι’
460 4259 526 4336 πρὸς
543 4263 631 4336 ύτερσν
648 4267 765 4334 πίμπειν
777 4260 933 4338 σσηιύτερον.
959 4261 1041 4334 τούτῳ
1053 4262 1082 4317 δι’
1134 4256 1170 4314 ad
1193 4258 1321 4316 ultimum
1340 4260 1376 4316 ad
1395 4259 1528 4317 Solonem
1546 4261 1685 4333 pervenit,
1707 4259 1755 4330 qui
1773 4263 1803 4314 et
1819 4257 1931 4314 titulum
1952 4275 2009 4314 am·

205 4348 241 4422 τῷ
258 4347 345 4421 τρύπῳ
366 4349 413 4402 καί
429 4347 483 4403 τῶν
495 4345 583 4402 ἄλλων
596 4347 650 4402 sair
661 4345 726 4403 λπτδ
739 4348 830 4418 σσηῶν
841 4347 1082 4421 ύποπσιησσμύνων
1134 4345 1278 4418 piissimae
1297 4346 1463 4419 prudentiae
1482 4351 1512 4403 et
1529 4347 1684 4418 praemium
1698 4343 1838 4416 adipsum
1851 4343 2009 4416 Apollinem

205 4433 251 4490 τάν
267 4433 380 4508 τρίποδα
398 4432 502 4488 Σόλωνι
520 4431 645 4488 διδάσδαι
662 4433 784 4489 δοκοῦντι
801 4433 905 4496 πάντας
921 4433 1083 4504 ἀνθρώπους
1134 4431 1286 4488 panstalia

207 4519 415 4591 ύπερβεβλῖησδαι
433 4525 514 4591 σοφίᾳ
532 4541 558 4574 τι
576 4520 623 4575 καί
641 4523 750 4575 συνέσει.
776 4517 822 4574 τύν
840 4520 868 4574 δὲ
890 4519 1082 4592 συμβουλεύσοι

205 4606 295 4662 τούτου
311 4605 457 4661 ἀναθεῖναι
470 4604 630 4661 'Anii-lam·
658 4604 749 4661 roim
770 4603 825 4682 γάρ
843 4609 913 4662 εἶναι
934 4605 1083 4682 σοράτερον

205 4712 324 4747 Μνῐωνι

361 4884 500 4948 Diodori
523 4885 634 4958 verba,
658 4903 744 4965 quae
766 4883 926 4948 Vaticano
949 4885 1163 4966 palimpsesto
1185 4885 1284 4948 nobis
1307 4889 1437 4948 servata
1459 4890 1547 4960 sunt,
1571 4886 1732 4950 debemus
1755 4881 1929 4964 eclogario,
1953 4879 2013 4962 qui

207 5007 269 5051 sua
296 4988 361 5051 sub
387 4989 481 5052 titulo
503 4988 576 5074 περὶ
601 4989 746 5073 γνωμῶν
768 4987 977 5052 Constantini
1000 4989 1280 5071 Porphyrogeniti
1302 4988 1395 5071 operi
1417 4990 1689 5054 collectaneorum
1711 4987 1863 5051 inseruit.
1906 4984 2014 5063 Quem

207 5091 387 5156 modestiae
415 5097 540 5172 septem
569 5092 769 5172 sapientium
799 5097 982 5155 accuratam
1010 5093 1253 5173 expositionem
1276 5093 1365 5175 apud
1389 5091 1574 5156 Diodorum
1597 5091 1768 5155 invenisse
1790 5096 1890 5169 atque
1913 5107 2015 5152 causa
