4440 5674
961 254 1172 316 ..2-

317 459 406 525 Huio
438 481 518 525 vero
551 460 701 543 opinioni
735 481 850 526 omnes
882 462 949 526 fere
983 463 1047 523 viri
1080 461 1169 524 dooli
1194 462 1314 543 partim
1341 460 1452 523 minus
1480 459 1599 540 partim
1626 463 1734 546 magis
1761 460 1966 541 obstrepunt.

162 566 312 644 Quorum
335 567 401 640 alii,
425 572 461 629 ut
481 565 640 640 Zsoheoh,
665 565 847 640 Oollmann,
872 564 993 638 Orohn,
1015 566 1184 629 Valerium
1208 585 1250 629 ex
1267 565 1406 630 Diodori
1426 566 1628 632 bibliotheca
1647 577 1798 658 exempla
1817 569 1968 652 deprom·

163 672 272 751 psisse
294 690 432 752 prorsus
446 677 581 751 negant,
597 670 664 744 alii,
681 676 718 734 ut
732 670 858 751 Kempl
876 675 908 733 et
922 670 1074 750 Krieger,
1098 689 1174 732 eum
1197 671 1240 733 ad
1262 688 1318 733 eas
1333 688 1386 732 res
1402 669 1648 750 deseribendas,
1673 696 1758 757 quas
1781 687 1813 744 et
1827 682 1970 745 Romani

163 779 195 836 61
217 773 336 838 Graeci
358 775 535 839 memoriae
557 774 784 855 prodiderunt,
807 774 883 836 illos
905 774 1018 855 potins
1041 773 1166 836 adiisse
1189 779 1336 836 oensent.
1381 773 1449 837 Sed
1476 775 1628 859 singulas
1656 787 1837 850 sententias
1859 786 1968 866 perlu-

163 883 320 941 stremus:

317 980 499 1062 Zsoheoh1)
515 982 651 1062 quidem
667 982 802 1045 omnino
826 982 970 1045 alienum
993 981 1098 1044 fuisse
1121 981 1330 1045 existimata
1353 982 1493 1046 oonsilio
1507 985 1664 1052 rhetorioi
1689 992 1799 1071 operis
1823 992 1969 1058 Graecos

162 1085 339 1167 scriptores
362 1085 526 1149 advocare
548 1105 658 1166 neque
682 1087 867 1166 quidquam
890 1085 1076 1166 argumenti
1092 1085 1275 1149 sententiae
1299 1105 1379 1148 snae
1401 1087 1504 1150 affert

316 1188 532 1268 Oollmann2),
561 1191 621 1269 qui
647 1189 802 1270 Kempfio
830 1191 1038 1264 adversatur,
1067 1189 1158 1252 huno
1180 1190 1240 1252 vix
1262 1192 1419 1270 ouiqnam
1441 1211 1681 1273 persuasurum
1703 1217 1778 1260 esse
1800 1200 1969 1265 Valerium

161 1291 344 1357 Maximum
368 1293 508 1384 Diodori
521 1293 624 1356 libros
640 1292 838 1357 adhibuisse
853 1295 897 1358 ad
913 1314 998 1376 opus
1014 1312 1113 1356 suurn
1129 1295 1393 1373 componendum
1416 1295 1594 1360 arbitratur
1616 1305 1716 1380 atque
1737 1303 1811 1383 ipse
1834 1323 1969 1385 quoque

162 1403 256 1472 taoet,
281 1397 406 1477 quibus
429 1399 542 1460 oausis
564 1397 607 1460 ad
630 1398 827 1462 sententiam
850 1417 945 1460 snam
968 1397 1134 1462 adduotns
1157 1396 1210 1460 sit.

314 1501 432 1582 Neque
448 1504 556 1582 magis
572 1500 685 1566 Grohn
691 1503 725 1580 ³),
748 1503 808 1581 qui
823 1507 860 1565 ut
874 1521 942 1565 non
956 1501 1147 1584 Polybium,
1164 1500 1224 1564 ssd
1238 1500 1383 1578 Livium,
1400 1503 1480 1566 item
1494 1504 1678 1570 Diodorum
1700 1528 1768 1573 non
1788 1511 1969 1592 expilatnm

161 1624 237 1668 esse
259 1624 278 1668 a
292 1606 424 1669 Valerio
446 1625 644 1686 persuasum
666 1606 767 1670 habet
789 1611 889 1686 atque
903 1607 994 1670 huno
1016 1606 1124 1669 fontes
1140 1605 1285 1669 Graecos
1301 1607 1436 1670 omnino
1453 1608 1577 1673 adiisse
1592 1617 1704 1692 negat,
1727 1615 1791 1678 hoo
1806 1615 1970 1679 iudioium

161 1709 265 1774 firmis
288 1711 494 1792 argumentis
518 1712 731 1792 oomprobare
755 1711 875 1774 studet.

315 1815 384 1878 Iam
401 1817 442 1879 ad
459 1815 651 1896 Kampfium
667 1820 699 1879 et
712 1815 921 1898 Kriegerum,
935 1817 995 1896 qui
1009 1815 1123 1878 minus
1138 1815 1330 1896 opinionem
1345 1821 1491 1880 nostram
1503 1817 1712 1899 impugnant,
1726 1824 1969 1904 aggrediamur.

316 1919 465 1997 Quorum
480 1920 571 2000 11114),
588 1920 648 2001 qui
663 1922 726 1984 tria
740 1921 892 2000 exempla
905 1919 1030 1983 Valerii
1045 1919 1184 1982 Diodori
1200 1921 1386 1984 auctoritati
1401 1921 1559 1997 attribuit,
1576 1923 1712 1988 omnino
1726 1925 1890 2002 Valerius,
1907 1930 1972 1992 etsi

161 2026 314 2104 utrisque
335 2023 453 2088 litteris
476 2023 629 2088 eruditus
652 2028 729 2098 erat,
764 2024 954 2104 patentibus
977 2028 1025 2087 tot
1046 2023 1122 2087 aliis
1146 2023 1365 2104 scriptoribus
1387 2043 1445 2088 sos
1471 2027 1583 2106 potius
1610 2029 1783 2092 consulere
1809 2031 1971 2095 maluisse

160 2129 302 2202 videtur,
326 2127 364 2190 in
386 2127 511 2208 quibus
535 2127 746 2191 describendi
769 2145 870 2207 qnam
892 2126 1044 2192 vertendi
1066 2127 1194 2191 faoilior
1216 2133 1284 2191 erat
1306 2148 1414 2210 opera.

315 2231 413 2312 H105)
440 2237 551 2294 autem
578 2231 667 2293 idem
694 2229 761 2294 fere
785 2231 893 2304 sentit,
918 2250 994 2294 aum
1016 2231 1195 2306 Valerium,
1220 2251 1423 2312 quamquam
1446 2238 1479 2296 et
1497 2232 1624 2298 Graeco
1647 2256 1799 2302 sermone
1821 2238 1970 2302 imbutus

159 2335 230 2410 fuit,
265 2335 302 2398 in
329 2335 510 2398 reddendis
538 2334 587 2397 eis
616 2335 733 2408 rebus,
768 2353 853 2414 quas
881 2339 913 2398 et
934 2333 1078 2398 Romani
1105 2339 1137 2398 et
1159 2334 1279 2400 Granni
1306 2337 1513 2401 tradiderunt
1536 2339 1726 2421 sumptores,
1761 2342 1836 2406 illos
1858 2344 1970 2424 potins

161 2445 312 2503 seoutum
334 2457 409 2502 esse
432 2437 522 2501 dieit.

288 2543 413 2624 Kempi
432 2548 464 2605 et
484 2542 627 2622 Krieger
647 2541 752 2622 igitur
773 2543 816 2605 ad
836 2543 1035 2606 sententiam
1054 2562 1161 2608 meam
1181 2543 1319 2625 propius
1339 2544 1511 2618 aooedunt,
1533 2547 1659 2627 quippe
1679 2549 1739 2628 qui
1753 2551 1871 2629 pausis
1886 2549 1969 2613 loois

159 2647 328 2711 Valerium
352 2665 413 2708 sua
433 2645 613 2709 aDiodoro
628 2650 814 2709 mutuatum
835 2664 909 2708 esse
924 2665 993 2709 non
1008 2665 1145 2726 prorsus
1160 2645 1353 2709 infitientur.
1387 2647 1555 2727 Equidem
1571 2655 1690 2724 autam,
1714 2651 1844 2715 etiamsi
1866 2652 1968 2719 illum,

159 2755 273 2831 utpote
297 2751 356 2830 qni
378 2749 526 2812 fontibus
549 2750 694 2813 maxime
715 2750 752 2811 in
773 2749 964 2830 propinquo
987 2750 1133 2813 sitienti
1156 2750 1287 2823 soleret,
1316 2768 1385 2813 non
1408 2751 1516 2814 solnm
1539 2735 1582 2815 ad
1604 2754 1786 2817 domestioa
1809 2757 1969 2836 exempla,

160 2854 220 2918 sed
243 2855 340 2916 etiam
363 2854 406 2917 ad
422 2859 559 2918 externa
574 2854 771 2934 exponenda
785 2853 923 2916 Latinos
942 2859 1093 2917 auctores
1109 2855 1254 2918 maxima
1269 2859 1419 2935 exparte
1435 2855 1646 2920 consuluisse
1660 2858 1814 2940 Kempfio
1828 2859 1971 2923 libenter

160 2957 315 3032 oonoedo,
339 2963 448 3021 tamen
468 2962 506 3020 ut
520 2955 664 3020 Graeeos
680 2957 815 3020 omnino
830 2956 1000 3039 negleotos
1023 2976 1098 3020 esse
1121 2957 1252 3020 eredam
1275 2976 1295 3019 a
1316 2977 1369 3020 me
1392 2959 1567 3039 impetrare
1590 2980 1658 3024 non
1679 2981 1828 3043 possum.
1866 2961 1969 3026 Immo

158 3082 238 3126 vero
260 3083 328 3125 non
349 3081 467 3142 panea,
490 3066 527 3124 ut
548 3061 666 3124 volunt
687 3060 812 3142 Kempf
831 3065 863 3123 61
884 3061 1034 3143 Krieger,
1059 3060 1119 3124 sed
1141 3067 1228 3124 aerte
1251 3064 1298 3124 161
1320 3067 1401 3141 quot
1424 3082 1466 3126 ex
1486 3063 1645 3139 Sallustii,
1670 3064 1834 3141 Caesaris,
1858 3067 1968 3150 Trogi,

158 3167 287 3249 Hygini
300 3166 406 3239 libris,
424 3166 567 3229 maxime
583 3183 622 3228 ea
636 3165 796 3246 exempla,
821 3183 908 3244 quae
930 3166 974 3228 ad
987 3165 1197 3247 peregrinam
1212 3165 1385 3229 historiam
1401 3167 1575 3246 pertinent,
1592 3189 1668 3232 oum
1684 3188 1727 3232 ex
1740 3170 1817 3234 aliis
1833 3170 1968 3234 Graecis

158 3271 306 3335 fontibus
329 3275 399 3334 tum
415 3290 457 3334 ex
471 3269 609 3333 Diodori
625 3268 720 3332 libris
737 3269 911 3349 desumpta
927 3288 1000 3332 esse
1017 3270 1190 3333 oontendo.
1213 3269 1301 3333 Huio
1313 3272 1495 3334 sententiae
1511 3272 1552 3334 de
1565 3272 1701 3352 866161),
1726 3276 1785 3353 qni
1800 3272 1969 3339 Valerium

160 3393 221 3438 sua
252 3375 397 3456 plurima
429 3373 565 3453 quidem
587 3393 630 3436 ex
652 3372 763 3446 Livio,
798 3373 858 3435 sed
883 3373 1044 3436 nonnulla
1071 3378 1103 3436 61
1129 3393 1172 3437 ex
1194 3374 1302 3456 Trogo
1330 3379 1363 3438 61
1389 3393 1432 3436 ex
1453 3374 1600 3439 Diodoro
1623 3376 1659 3438 in
1681 3375 1860 3440 Tarentino
1881 3377 1968 3441 bello

158 3477 378 3542 des'oribendo
400 3477 555 3541 hausisse
577 3481 680 3558 putat,
704 3477 892 3552 assentitur,
917 3477 977 3541 sed
999 3495 1072 3540 earn
1094 3479 1300 3558 argumentis
1322 3477 1515 3542 confirmare
1538 3500 1606 3542 non
1629 3484 1729 3542 ourat.

311 3581 349 3646 ld
371 3601 450 3645 vero
473 3600 536 3661 ego
558 3581 622 3643 hae
645 3581 869 3662 disputatione
891 3582 998 3644 faeere
1019 3584 1054 3645 in
1077 3583 1188 3645 animo
1210 3581 1328 3646 habeo.

311 3685 517 3765 Priusquam
544 3691 654 3749 antem
681 3685 723 3748 ad
749 3705 856 3749 meam
877 3687 1045 3766 propriam
1070 3685 1278 3765 provinoiam
1305 3684 1494 3766 aggrediar,
1527 3684 1756 3764 quaerendum
1783 3703 1857 3747 esse
1883 3685 1965 3748 mihi

156 3791 299 3864 videtur,
323 3789 448 3869 quibus
469 3789 681 3870 potissimum
704 3790 816 3852 eausis
837 3790 989 3871 plerique
1011 3790 1076 3851 viri
1099 3789 1187 3852 dooti
1210 3788 1331 3851 adduoi
1354 3787 1530 3868 potuerint,
1551 3791 1588 3851 ut
1602 3787 1727 3851 Valerii
1743 3791 1967 3870 exempleant

157 3913 340 3974 numquam
362 3898 419 3957 aut
441 3912 573 3975 perraro
596 3913 614 3956 e
636 3893 775 3956 Diodori
797 3893 1000 3958 bibliotheca
1021 3893 1166 3974 pendere
1188 3892 1261 3955 iure
1284 3911 1346 3955 suo
1369 3893 1525 3954 dioerent.

311 4014 362 4078 Ao
387 4015 531 4095 primum
555 4015 691 4094 quidem
712 4014 804 4078 haud
828 4015 897 4078 soio
921 4034 964 4076 an
987 4014 1044 4076 alii
1065 4014 1156 4076 huno
1179 4013 1221 4076 ab
1244 4013 1300 4077 illo
1322 4013 1511 4094 neglectum
1534 4031 1609 4076 esse
1632 4014 1830 4078 oonoludant
1853 4035 1895 4078 ex
1916 4034 1965 4088 eo,

158 4119 250 4200 quod
276 4118 428 4182 Valerius
453 4118 638 4182 Diodorum
670 4137 839 4198 nusquam
869 4118 1003 4181 nomine
1037 4117 1188 4198 apposito
1216 4123 1331 4180 testem
1366 4116 1551 4180 advocavit.
1596 4118 1666 4181 Hoo
1694 4123 1804 4181 autem
1830 4119 1966 4180 minime

157 4224 277 4286 mirum
305 4228 364 4286 est.
415 4221 499 4285 Nam
526 4222 582 4284 1116
608 4221 651 4288 M.
675 4222 821 4285 Tullium
844 4226 876 4284 61
898 4221 934 4283 Τ.
957 4221 1106 4294 Livium,
1130 4240 1216 4301 quos
1242 4221 1418 4301 primarios
1447 4222 1549 4285 duoes
1573 4222 1733 4302 sequitur,
1761 4227 1810 4285 ter
1831 4223 1965 4284 omnino

157 4326 351 4390 nominatim
375 4326 497 4407 eiutq,
525 4326 619 4389 illum
641 4327 705 4398 bis,
729 4327 821 4389 huno
844 4326 954 4390 semel.
978 4324 1170 4389 Ceterorum
1193 4329 1302 4388 antem
1325 4329 1505 4398 suetorum,
1530 4326 1655 4405 quibus
1678 4344 1777 4406 saepe
1799 4344 1883 4387 usus
1906 4330 1965 4398 ast,

158 4431 315 4495 Varronis
342 4430 447 4494 solius
475 4431 675 4494 mentionem
706 4429 798 4504 faoit,
823 4427 960 4504 Caesar,
985 4429 1177 4502 Sallustius,
1201 4429 1331 4510 Trogus
1353 4449 1421 4492 non
1444 4431 1595 4492 nitantur.
1640 4427 1758 4508 Neque
1780 4427 1965 4508 igiturest,

312 4635 335 4708 ¹)
364 4634 397 4692 oi.
416 4633 464 4691 l.l.
482 4639 557 4708 p.43
575 4633 640 4690 adn.

312 4721 335 4790 ²)
364 4720 407 4778 De
424 4719 541 4778 Diodori
558 4719 646 4778 Siculi
663 4717 795 4777 fontibus.
823 4716 902 4790 Lips.
915 4721 984 4776 1869
1002 4717 1034 4775 ol.
1047 4737 1074 4791 p.
1086 4723 1128 4780 59.

311 4807 334 4876 ¹)
365 4806 465 4866 elil.
484 4807 649 4880 pletll.

308 4895 332 4967 ⁴)
363 4894 663 4968 61116916129.

310 4980 334 5050 ⁸)
361 4979 429 5039 611.
448 4979 466 5037 1.
484 4985 567 5054 pli.

311 5069 332 5138 ΙΙ)
360 5067 417 5125 Der
434 5066 605 5140 Pyrrhisahe
623 5067 713 5140 Krieg
730 5067 762 5124 61.
780 5085 809 5141 p.
821 5072 881 5126 109.

309 5153 333 5223 7)
360 5153 393 5211 os.
412 5172 456 5210 ex.
477 5154 554 5227 Vlll,
574 5159 614 5226 10,
632 5159 662 5222 3;
681 5153 762 5223 Vlll,
781 5159 814 5213 13
833 5158 929 5220 ext.1;
948 5153 969 5224 1,
987 5154 1005 5208 8
1023 5155 1079 5206 ext.
1098 5155 1139 5208 19.
