4440 5674
1028 253 1249 326 ...p-1..r

385 471 585 536 Strabonem
612 490 675 535 aua
700 493 743 535 ex
768 468 895 552 Ephori
921 470 1071 532 historiis
1098 470 1259 552 petivisse
1282 469 1360 532 inde
1387 471 1531 549 apparet,
1560 463 1649 548 quod
1670 465 1774 530 huius
1798 463 1840 529 ab
1863 459 1920 529 illo
1942 461 2041 546 paulo

118 579 121 586 '
234 582 309 641 ante
335 581 373 640 ut
395 576 540 640 auctoris
563 577 686 640 mentio
708 576 754 640 fit.
800 576 909 657 Atque
931 575 1031 638 etism
1053 573 1244 638 Pausaniae
1265 572 1380 652 relatio
1401 572 1495 634 haud
1517 572 1587 634 scio
1609 590 1654 634 en
1680 571 1722 634 ad
1749 571 1893 634 eundem
1919 571 2042 634 iontem

121 733 123 741 ,
233 679 402 746 referatrrr.

1002 815 1053 881 De
1074 817 1273 899 Polydama:

510 919 626 977 'l'zetzes
644 919 707 976 chil.
720 919 756 992 ΙΙ,
774 923 834 978 459.
1458 914 1579 971 Pausan.
1592 913 1643 984 vl,
1661 919 1687 984 5,
1704 913 1758 986 4¹).

164 1056 169 1066 ·
230 1024 263 1082 ‘0
280 1023 444 1097 Πολυδάμας
460 1015 534 1086 οὗτος
551 1019 583 1093 ἦν
600 1028 629 1079 λιι
645 1024 746 1086 πόλεως
766 1021 917 1091 Σκοτοίσης,
1228 1023 1279 1085 Ἐς
1296 1020 1424 1088 σπίλαιον
1440 1019 1495 1095 γαρ
1526 1022 1555 1076 οἴ
1575 1041 1603 1076 τε
1626 1018 1702 1074 ἄλλοι
1718 1019 1772 1076 τῶν
1795 1021 1939 1092 συμποτῶν
1961 1024 2008 1077 καί
2032 1043 2046 1076 ο

235 1116 355 1186 γυμναῖς
369 1111 448 1186 χερσί
464 1111 517 1181 μὲν
535 1113 641 1172 λέοντας
658 1108 693 1172 ὥς
711 1107 795 1185 ἄρνας
812 1111 989 1185 διαφθείρων,
1165 1107 1344 1181 Πουλυδάμας
1361 1107 1469 1176 ἐσῆλθεν
1487 1104 1542 1180 ὥρη
1563 1111 1665 1181 θέρους,
1692 1112 1739 1162 καί
1755 1127 1812 1168 πως
1834 1105 1865 1162 σί
1885 1105 1954 1162 κατά
1978 1128 2047 1163 τινα·

235 1203 340 1270 πτεροῖς
356 1199 419 1252 ποσί
436 1195 462 1250 δ’
482 1195 630 1271 ιἰπερνικῶν
648 1194 757 1272 ἅρματα
774 1194 940 1272 ταχοιλρίμα,
1166 1194 1274 1269 ἀγαθὸν
1292 1193 1438 1266 ιλαίμονοιῆ
1455 1190 1556 1266 κορυφὴ
1568 1193 1713 1261 τηνικαῦτα
1724 1193 1769 1249 τοῦ
1782 1194 1909 1260 σπηλαίου
1921 1193 2045 1269 κατερρη-

235 1283 267 1358 τῇ
283 1284 312 1339 δὲ
326 1287 400 1357 χειρί
416 1303 442 1338 τι
459 1279 588 1350 σπήλαιον
606 1281 738 1359 ἀντήρεισε
757 1288 916 1353 συμπῖπτον.
1165 1303 1254 1356 ymo,
1273 1283 1319 1336 καί
1337 1281 1402 1348 δῆλα
1420 1275 1451 1348 ἦν
1470 1278 1505 1342 ὥς
1522 1279 1620 1336 cirita
1637 1283 1811 1351 lacessiebat
1830 1281 1876 1334 καί
1885 1277 1988 1354 χρόνον
1999 1280 2047 1336 cia

237 1367 252 1424 ὃ
268 1365 378 1432 Σικελὸς
394 1369 524 1441 Διόδωρος
542 1367 641 1442 γράφει
659 1366 705 1437 την
723 1371 851 1445 λοτορίαν.
1018 1363 1021 1368 ’
1166 1370 1210 1423 ἐπί
1227 1367 1311 1423 uoltu
1328 1369 1435 1438 ἔμελλεν
1459 1365 1589 1427 ἀνθέξειν.
1616 1369 1762 1438 γενομένης
1783 1365 1812 1420 δὲ
1835 1362 1981 1432 αἰσθήσεως
2002 1373 2047 1421 τοῦ

1166 1451 1285 1514 λπιίντος
1310 1451 1394 1508 κανοῦ
1422 1454 1470 1507 καί
1495 1455 1666 1528 τρεπομένων
1690 1454 1717 1513 λς
1743 1447 1831 1524 φυγὴν
1859 1450 1913 1505 τῶν
1939 1451 2047 1518 λοιπῶν,

1166 1542 1281 1615 παρίστη
1302 1543 1465 1608 καταμεῖναι
1481 1537 1518 1611 τῷ
1534 1534 1694 1611 Πολοιίάμρ,
1711 1539 1758 1594 καί
1775 1537 1871 1611 ἀνέσχε
1888 1535 1937 1598 τὰς
1953 1542 2049 1613 χεῖρας

1167 1624 1203 1688 ὥς
1220 1629 1387 1681 ἐπιπίπτοντι
1404 1623 1527 1686 ἀνθέξων
1543 1625 1580 1698 τῷ
1597 1626 1718 1696 σπηλαίῳ
1736 1623 1783 1678 καί
1796 1622 1826 1679 οὗ
1836 1621 2049 1696 βιασθησόμενος

1168 1710 1219 1768 aiud
1236 1712 1282 1767 τοῦ
1300 1707 1375 1788 ὄρους
1386 1750 1393 1766 .
1406 1707 1488 1784 τοίτρι
1505 1710 1558 1783 μὲν
1574 1709 1692 1764 ἐνταῦθα
1709 1713 1811 1781 ἐγένετο
1829 1707 1844 1775 ἣ
1859 1707 1969 1777 τελευτή.

392 1835 447 1898 Ex
469 1836 529 1908 eis,
545 1853 631 1915 quae
652 1853 672 1897 a
688 1833 805 1898 Tzetze
821 1835 1039 1916 explicantur,
1061 1835 1212 1917 intellegi
1226 1839 1334 1916 potest
1347 1833 1531 1898 Diodorum
1547 1833 1588 1896 de
1602 1834 1787 1914 Polydama
1802 1834 1883 1896 satis
1898 1839 2049 1896 accurate

240 1940 450 2013 disseruisse,
473 1945 511 2002 ut
532 1938 701 2002 Valerium
724 1939 913 2019 exemplum
936 1958 1035 2002 suum
1057 1940 1099 2003 ab
1122 1939 1179 2002 illo
1201 1943 1387 2002 mutuatum
1410 1957 1485 2000 esse
1507 1936 1598 2001 haud
1620 1937 1816 2000 incredibile
1839 1937 1891 2002 sit.
1935 1936 2049 2016 Itaque

239 2040 434 2125 Kempliol),
451 2043 511 2122 qui
525 2043 608 2105 haec
622 2043 774 2122 exempla
796 2063 839 2106 ex
853 2042 993 2106 Diodori
1015 2043 1216 2108 bibliothece
1237 2043 1382 2125 prolecta
1396 2061 1471 2106 esse
1486 2046 1608 2115 censet,
1628 2041 1825 2122 adstipulari
1839 2060 1908 2105 non
1923 2041 2049 2115 dubito,

241 2147 395 2227 quamvis
418 2146 508 2210 illius
524 2147 841 2226 argumentationem
864 2148 1057 2229 improbem.
1090 2147 1216 2229 Kempl
1235 2149 1324 2211 enim
1347 2165 1386 2211 ea
1407 2147 1450 2210 de
1472 2164 1572 2209 causa
1587 2146 1739 2227 exempla
1754 2146 1796 2208 ad
1810 2145 1950 2208 Diodori
1965 2164 2050 2226 opus

240 2255 381 2325 revocat,
409 2251 500 2330 quod
526 2250 689 2323 Valerius,
718 2270 793 2314 cum
820 2250 980 2314 scriberet
1006 2252 1047 2314 de
1073 2252 1196 2315 Milone
1224 2250 1412 2315 Crotoniate
1439 2254 1471 2313 et
1497 2250 1539 2313 de
1561 2248 1745 2331 Polydama
1766 2249 1896 2324 athleta,
1924 2249 2050 2328 quibus

241 2354 345 2420 nimia
355 2354 478 2416 virium
489 2353 613 2417 fiducia
623 2354 738 2417 mortis
751 2373 852 2417 causa
862 2354 998 2431 exstitit,
1011 2375 1079 2418 non
1090 2356 1223 2419 fortuito
1236 2357 1272 2418 in
1284 2355 1423 2419 eandem
1435 2353 1631 2418 sententiam
1642 2353 1761 2416 incidit
1773 2359 1872 2432 atque
1882 2353 2051 2416 Diodorus

241 2459 355 2521 nimiis
382 2457 604 2521 membrorum
630 2458 761 2522 viribus
788 2458 968 2524 hebescere
990 2460 1096 2522 animi
1117 2461 1275 2542 vigorem.
1327 2457 1418 2522 Haec
1445 2459 1534 2522 enim
1557 2457 1721 2521 sententia
1742 2457 1894 2538 exemplo
1916 2457 1974 2530 IX,
1999 2457 2051 2529 12,

242 2566 308 2625 ext
326 2563 368 2626 10
390 2579 409 2624 a
430 2561 562 2624 Valerio
586 2561 765 2625 subiuncta
785 2561 835 2624 illi
856 2581 925 2627 non
947 2581 990 2628 ax
1011 2565 1116 2628 huius
1131 2563 1240 2644 ipsius
1256 2562 1386 2644 ingenii
1399 2563 1552 2626 acumine
1568 2561 1762 2644 excogitata,
1779 2561 1840 2624 sed
1854 2581 1897 2626 ex
1911 2559 2052 2624 Diodori

242 2665 328 2729 libro
350 2665 484 2729 videtur
506 2665 682 2747 desumpta
703 2685 788 2730 esse.
833 2666 907 2743 Qua
929 2669 966 2731 in
987 2687 1023 2730 re
1044 2667 1199 2749 Kempfio
1222 2666 1427 2746 Oollmannlt
1448 2673 1537 2730 recte
1558 2672 1731 2748 repugnat,
1761 2665 1819 2728 sed
1849 2685 1917 2729 non
1945 2665 2052 2728 solum

245 2769 337 2832 illius
359 2773 601 2852 argumentum,
625 2771 717 2849 quod
737 2789 853 2834 revera
874 2776 987 2852 aptum
1010 2792 1078 2835 non
1100 2777 1159 2846 est,
1184 2772 1244 2834 scd
1265 2771 1365 2834 etiam
1386 2771 1518 2844 fontem,
1542 2770 1602 2850 qui
1623 2775 1711 2834 recte
1733 2770 1776 2833 ab
1798 2770 1854 2832 illo
1877 2769 2051 2842 indicatur,

247 2876 319 2937 iure
352 2893 414 2936 suo
446 2874 570 2937 reicere
603 2892 702 2954 posse
737 2874 804 2937 sibi
835 2875 978 2940 videtur.
1033 2875 1151 2955 Neque
1184 2876 1283 2950 enim,
1319 2892 1519 2954 quamquam
1552 2873 1587 2935 id
1621 2875 1712 2954 quod
1739 2872 1915 2937 Collmann
1941 2877 2053 2936 contra

245 2975 435 3057 Kempfium
463 2977 633 3040 contendit
657 2976 843 3041 Diodorum
870 2979 1004 3043 Milonis
1032 2985 1064 3042 et
1089 2978 1292 3060 Polydamae
1323 2977 1485 3059 exemplis
1519 2997 1693 3059 corporum
1727 2978 1842 3060 vigore
1874 2977 2052 3040 hebescere

245 3080 366 3143 mentis
393 3099 532 3144 acumen
558 3082 675 3144 docere
703 3081 739 3145 in
765 3083 876 3145 animo
903 3102 972 3146 non
997 3083 1167 3156 habuisse,
1196 3083 1256 3146 sed
1283 3082 1319 3144 in
1345 3101 1466 3164 magno
1493 3082 1640 3162 periculo
1663 3081 1791 3144 versari
1813 3101 1899 3155 eum,
1926 3080 1963 3143 in
1985 3099 2053 3160 quo

245 3203 367 3264 magna
389 3185 485 3265 copia
506 3185 637 3260 virium,
661 3186 791 3268 ingenii
812 3205 915 3267 parva
936 3186 989 3248 vis
1006 3191 1102 3260 esset,
1118 3205 1138 3249 a
1152 3205 1232 3249 vero
1248 3205 1316 3248 non
1330 3186 1492 3259 abhorret,
1509 3191 1619 3248 tamen
1633 3187 1697 3250 hoc
1712 3186 1870 3249 dissensu
1885 3184 2055 3248 Valerium

245 3287 336 3350 illius
363 3288 467 3352 verba
493 3295 568 3351 ante
596 3290 710 3353 oculos
737 3293 806 3353 no'n
831 3289 991 3354 habuisse
1019 3290 1106 3353 effici
1131 3296 1267 3372 oportet.
1312 3288 1421 3366 Quid?
1458 3289 1568 3352 Huius
1596 3288 1698 3353 verba
1720 3309 1831 3352 nonne
1853 3287 1926 3351 fieri
1948 3289 2056 3368 potuit

245 3397 283 3453 ut
305 3391 347 3454 ab
369 3392 444 3472 ipso
467 3393 626 3473 scriptore
648 3393 918 3474 adiungerentur,
941 3412 1042 3473 quem
1064 3393 1240 3474 ingeniosa
1262 3394 1351 3456 dicta
1373 3393 1415 3457 de
1437 3413 1499 3456 suo
1522 3413 1612 3475 penu
1634 3394 1755 3457 addere
1783 3392 1888 3456 solere
1916 3396 2053 3455 constat.

245 3495 356 3575 Atque
372 3495 469 3558 etiam
480 3496 643 3570 Valerius,
660 3501 698 3559 ut
719 3499 852 3577 supra⁴l
868 3497 1039 3560 nonnullis
1055 3497 1217 3578 exemplis
1233 3498 1456 3578 comprobavi,
1473 3517 1549 3560 cum
1564 3498 1652 3561 dicta
1665 3515 1704 3560 ec
1719 3497 1804 3560 facta
1818 3496 2054 3568 memorabilia,

246 3616 333 3677 quae
356 3599 392 3662 in
413 3598 502 3662 fonte
525 3600 749 3675 occurrebant,
773 3601 873 3664 certis
896 3601 1000 3663 titulis
1024 3601 1251 3683 subiungeret,
1275 3601 1443 3665 materiem
1465 3619 1667 3680 quamquam
1690 3620 1733 3664 ex
1755 3606 1887 3664 auctore
1913 3599 2055 3682 petebat,

246 3705 356 3763 tamen
370 3721 480 3764 rerum
495 3722 587 3767 nexu
601 3724 680 3768 vero
696 3709 796 3784 atque
810 3705 961 3786 genuino
976 3706 1125 3788 neglecto
1141 3705 1184 3768 ad
1199 3706 1395 3769 sententiam
1408 3724 1503 3768 suam
1518 3705 1743 3768 conformabat
1758 3709 1856 3784 atque
1877 3703 2056 3784 effingebat

247 3823 290 3868 ex
323 3823 428 3885 eaque
462 3825 561 3888 saepe
592 3808 684 3871 aliud
710 3813 809 3888 atque
836 3815 951 3872 auctor
977 3810 1203 3874 concludebat.
1253 3811 1301 3872 Ita
1328 3808 1411 3872 mihi
1436 3810 1500 3872 hoc
1526 3827 1661 3889 quoque
1688 3810 1760 3872 loco
1787 3827 1842 3872 res
1870 3827 1907 3870 se
1933 3806 2056 3870 habere

247 3909 389 3974 videtur.
434 3908 597 3987 Quocirca
618 3911 772 3992 Kempfio
795 3913 950 3992 quamvis
972 3913 1216 3993 argumentanti
1238 3913 1404 3988 adverser,
1427 3913 1550 3976 iontem
1574 3913 1730 3976 statuenti
1752 3912 1924 3975 assentior.

401 4029 573 4113 Exempla,
602 4050 687 4111 quae
709 4051 818 4112 usque
840 4032 950 4096 adhuc
972 4034 1157 4115 percensui,
1182 4053 1199 4096 e
1222 4033 1363 4098 Diodori
1389 4033 1591 4096 bibliotheca
1613 4034 1656 4097 ob
1682 4033 1861 4096 verborum
1889 4037 1921 4096 et
1947 4052 2057 4095 rerum

247 4152 448 4214 censensum
468 4133 559 4198 haud
574 4135 677 4198 dubie
693 4135 856 4217 originem
872 4138 993 4200 ducere
1008 4137 1091 4199 mihi
1114 4137 1313 4201 videbantur
1334 4156 1444 4217 neque
1468 4137 1525 4200 alii
1546 4143 1697 4202 auctores
1725 4137 1928 4218 respiciendi
1955 4141 2056 4211 erant,

246 4238 314 4299 nisi
327 4238 396 4316 qui,
412 4239 505 4302 velut
523 4238 560 4301 in
575 4238 737 4319 exemplis
753 4239 822 4312 VH,
839 4241 869 4313 3,
886 4246 951 4304 ext.
968 4242 989 4305 7
1005 4245 1036 4303 et
1050 4241 1108 4314 IX,
1125 4242 1155 4314 2,
1172 4245 1237 4304 ext.
1254 4243 1284 4315 ὅ,
1308 4241 1470 4323 gravibus
1493 4242 1698 4322 argumentis
1720 4241 1883 4305 removeri
1898 4245 2057 4320 poterant.

247 4340 415 4423 Deinceps
437 4343 520 4405 mihi
543 4344 584 4406 de
608 4345 657 4407 eis
680 4342 842 4425 exemplis
866 4345 1098 4408 disserendum
1121 4348 1180 4418 est,
1203 4364 1346 4424 quorum
1369 4343 1464 4428 origo
1487 4351 1525 4408 ut
1544 4350 1707 4409 statuatur
1722 4345 1852 4409 etiamsi
1867 4364 1935 4407 non
1951 4344 2059 4406 solum

246 4442 425 4519 Diodorus,
461 4445 521 4509 sed
547 4447 645 4510 etiem
672 4449 729 4510 alii
757 4447 934 4528 scriptores
961 4448 1074 4528 aliquo
1101 4467 1238 4511 numero
1267 4454 1299 4511 et
1325 4450 1397 4512 loco
1426 4452 1516 4522 sunt,
1549 4454 1659 4512 tamen
1684 4448 1777 4512 illius
1805 4448 1949 4510 maxime
1975 4447 2058 4509 ratio

247 4547 401 4612 habenda
416 4555 475 4613 est
514 4548 589 4625 Quo
608 4550 646 4614 in
665 4571 804 4615 numero
825 4572 864 4632 ea
875 4570 1014 4634 quoque
1030 4554 1183 4634 exempla
1196 4553 1314 4627 habac,
1331 4553 1458 4632 quibus
1473 4553 1510 4615 in
1525 4551 1719 4616 enarrandis
1735 4552 1888 4616 Valerius
1904 4551 2058 4632 pluribus

248 4652 440 4717 auctoribus
462 4672 548 4717 usus
572 4674 646 4720 esse
668 4654 811 4718 videtur.

404 4891 427 4963 ι)
458 4891 565 4951 celtu
584 4910 694 4967 quoque
713 4892 758 4967 (cf.
771 4897 844 4953 noct.
857 4895 918 4953 att.
931 4893 995 4968 XV,
1014 4900 1059 4965 16)
1076 4893 1249 4968 Polydamas
1267 4899 1387 4953 mortem
1406 4894 1548 4954 describit

403 4977 427 5134 :i
456 4979 750 5140 giiiiigetbt.

404 5151 681 5226 terpander
753 5175 755 5180 ·
