4440 5674
1061 237 1271 300 „15..

263 458 490 522 Ptolemaeum
522 452 748 533 Physconem,
786 448 1024 530 Aegyptiorum
1057 464 1179 525 regem,
1214 446 1294 526 quia
1327 442 1387 506 filii
1421 442 1475 504 sui
1509 461 1630 523 corpus
1665 441 1831 515 crudelem
1865 441 1901 503 in
1935 439 2070 503 modum

263 558 481 632 debunoavit,
505 554 796 620 vehementissime
818 554 993 632 vituperat
1037 549 1164 612 Eadem
1188 568 1265 612 vero
1288 568 1341 611 res
1364 567 1384 610 a
1406 546 1552 609 Diodoro
1575 550 1726 609 narratur
1748 546 1811 608 hoo
1833 545 1945 608 modo:

470 687 935 756 noussexxxrvasvau.
1449 678 1813 751 vulturnense.

325 796 387 854 “oro
405 795 594 869 τίΠτολεμαίος
612 791 753 850 torbace
771 789 1038 867 προσαγορευόμενος,
1057 788 1142 846 nest·
1263 786 1371 841 Itemm
1393 783 1572 840 Ptolemaeus
1595 782 1726 855 Physcon
1748 785 1876 858 emergit,
1899 784 1983 857 paulo
2006 791 2073 842 ante

264 906 345 959 μενος
362 882 410 952 την
427 883 471 951 τίης
482 880 656 955 Κλεοπάτρας
672 876 738 950 πρὸς
756 875 837 933 αὐτὸν
856 877 1036 949 ἀλλοτρίωσιν,
1055 877 1101 931 καλ
1114 875 1144 932 τί
1195 869 1361 928 libidinosae
1374 871 1514 928 amentiae
1527 871 1719 927 taeterrimum
1734 869 1901 943 exemplum,
1910 869 1986 928 idam
1998 872 2073 928 inter

264 969 413 1044 δυνάμενος
440 967 526 1029 άλλως
554 963 636 1034 αίιτιὶν
670 963 791 1031 λυπῆσαι,
829 965 927 1038 πρᾶξιν
962 960 1143 1029 ἀνοσιωτάτην
1195 959 1347 1032 praecipua
1373 956 1547 1014 crudelitatis
1573 955 1676 1014 indIcia
1701 955 1877 1014 referendus:
1909 956 1976 1030 quid
1999 959 2072 1014 enim

264 1055 404 1129 ἐτόλμησεν
414 1058 622 1110 ἐπιτελέσασθαι·
635 1049 825 1125 μιμησάμενος
840 1047 895 1122 γάρ
911 1047 959 1115 την
970 1048 1013 1115 τῆς
1024 1047 1144 1114 Μηδείας
1195 1043 1249 1101 hoe
1257 1044 1331 1101 sacto
1341 1042 1545 1100 truculentius?
1564 1042 1663 1100 Filium
1674 1061 1756 1100 suum
1768 1043 1880 1100 nomine
1890 1041 2072 1116 Memphiten,

265 1141 386 1215 ὠμότητα
412 1143 458 1197 καί
482 1144 654 1213 μιαιεηονίαν,
681 1136 728 1193 τόν
753 1133 845 1192 καινὸν
871 1135 951 1191 αὐτοῦ
972 1155 999 1190 τε
1021 1135 1144 1202 κάκείνης
1196 1147 1279 1204 quem
1298 1147 1333 1186 ex
1351 1128 1507 1200 Cleopatra,
1527 1130 1625 1188 eadem
1643 1147 1740 1188 serere
1758 1133 1895 1197 etuxore,
1913 1129 2073 1202 sustulerat,

264 1226 324 1284 uidv
348 1230 460 1297 ίσραξεν
482 1229 510 1281 ἐν
527 1225 557 1300 τῇ
574 1223 687 1298 Κύπρῳ,
710 1223 794 1278 naida
811 1223 864 1294 μίν
882 1219 946 1277 ὄντα
963 1218 1010 1288 την
1028 1219 1143 1288 taam,
1195 1216 1320 1273 liberalis
1344 1216 1463 1278 formae,
1487 1217 1609 1286 optimae
1632 1217 1693 1288 spei
1716 1233 1844 1288 puerum,
1869 1217 1899 1272 in
1921 1221 2074 1290 conspeetu

188 1336 194 1349 ·
265 1311 667 1386 ὄνομαζὸμενυνδὲΜεμρίτην.
695 1310 743 1364 οὐκ
756 1308 985 1384 σίρκεσθείςδὲτῷ
996 1305 1143 1378 ἀσεβήματι
1196 1321 1247 1360 suo
1277 1302 1366 1360 occidi
1395 1303 1479 1359 iussit
1511 1304 1694 1376 protinusque
1724 1305 1809 1374 eaput
1838 1301 1898 1357 eius
1929 1307 1959 1359 et
1986 1302 2074 1375 pedes

264 1398 345 1473 τοάτηι
360 1400 446 1472 πολλῷ
458 1399 549 1472 μεῖζον
561 1395 645 1467 μίσος
657 1398 745 1468 ἕτερον
753 1396 924 1450 ἐπετελέσατο.
942 1391 1144 1468 ἀκρωτηριάσας
1196 1391 1338 1464 praecisos
1366 1395 1406 1458 [et
1433 1393 1541 1456 manus]
1569 1390 1598 1445 in
1621 1389 1692 1446 cista
1715 1386 1862 1460 chlamyde
1885 1392 2000 1460 opertos
2022 1405 2074 1460 pro

263 1485 319 1561 yrip
330 1485 360 1542 ri
371 1486 450 1559 σῶμα
462 1485 507 1540 τοῦ
518 1482 614 1546 παιδὸς
622 1485 669 1537 καί
681 1483 769 1543 ἐνθείς
781 1484 819 1542 είς
830 1501 890 1536 τινα
902 1485 994 1548 κίστην
1006 1480 1145 1553 προσέταξέ
1197 1495 1311 1534 munere
1328 1476 1460 1534 natalicio
1478 1477 1563 1532 mabri
1580 1477 1664 1546 misit,
1682 1473 1799 1548 perinde
1810 1475 1892 1547 quasi
1909 1476 1970 1547 ipse
1987 1474 2075 1532 cladis

263 1594 318 1629 τινι
334 1573 388 1629 τῶν
406 1571 541 1644 ιἰττηρετῶν
552 1575 590 1631 ελς
601 1567 649 1637 την
662 1566 871 1641 Ἀλεξάνδρειαν
882 1569 1048 1637 διακομίσαι·
1075 1561 1144 1618 κατά
1197 1580 1281 1636 quam
1303 1563 1344 1618 illi
1365 1561 1512 1628 inferebat,
1534 1579 1644 1635 expers,
1667 1579 1700 1620 ac
1717 1577 1774 1617 uon
1790 1558 1935 1629 infelicior,
1954 1560 2028 1634 quod
2046 1562 2075 1617 in

264 1658 348 1734 τίχην
371 1660 400 1714 dd
425 1657 554 1731 σῦυεγγυς
575 1655 660 1712 ὄντων
681 1654 712 1728 τῇ
734 1651 891 1727 Κλεοπάτρα
914 1652 966 1708 τῶν
988 1653 1144 1723 γενεθλίων,
1197 1651 1337 1707 communi
1354 1649 1477 1707 orbitate
1496 1647 1676 1721 Cleopatram
1694 1645 1881 1704 miserabilem
1906 1648 2021 1719 cunetis,
2044 1666 2075 1704 se

265 1746 296 1820 τῇ
313 1743 365 1821 πρὸ
381 1743 481 1800 τούτων
499 1745 573 1799 νυκτί
591 1749 683 1798 θεῖναι
699 1740 746 1808 τὴν
764 1745 856 1807 κίστην
873 1738 925 1815 πρά
936 1738 990 1793 τῶν
1001 1738 1145 1806 βασιλείων
1197 1737 1317 1792 invisum
1331 1735 1500 1794 reddiderat
1527 1734 1608 1793 Adeo
1627 1753 1709 1792 caeco
1721 1733 1814 1790 lurore
1825 1750 1936 1789 summa
1948 1750 2076 1807 quaeque

267 1829 487 1904 παρεσκευάσατο.
523 1820 554 1886 cd
580 1831 801 1890 συντελεσθέντος,
828 1829 874 1881 καί
900 1827 944 1893 τῆς
970 1823 1146 1898 περιστάσεως
1198 1822 1358 1881 effervescit
1384 1823 1548 1892 cmdelitas,
1575 1841 1638 1880 cum
1665 1821 1868 1878 munimentum
1896 1838 1931 1876 ax
1956 1836 1988 1876 se
2014 1821 2077 1893 ipsa

267 1919 483 1989 ἐπιγνωσθείσης,
503 1914 517 1984 ip
535 1913 693 1989 Κλεοπάτρα
712 1917 810 1974 πένθος
828 1910 917 1986 ἤρατο,
936 1913 982 1966 καί
999 1909 1029 1966 τά
1046 1910 1146 1977 πλῆθος
1197 1911 1335 1983 repperii:
1367 1927 1431 1966 nam
1455 1929 1517 1967 cum
1541 1907 1782 1966 animadverteret
1808 1912 1913 1980 quanto
1940 1907 1984 1964 sui
2011 1905 2076 1964 odio

268 2000 400 2063 παντελῶς
417 1999 591 2075 άπεθηριοίθη
610 1999 675 2076 πρὸς
690 1997 738 2055 τὸν
754 2001 931 2072 Πτολεμαῖον.
1198 1995 1292 2069 patria
1325 1999 1480 2066 teneretur,
1515 1997 1609 2053 timori
1638 1993 1794 2052 remedium
1824 1993 1930 2050 scelere
1966 1995 2076 2066 petivIt,

1199 2099 1310 2155 quoque
1332 2083 1421 2140 tutius
1443 2082 1526 2155 plebe
1548 2081 1688 2138 trucidata
1709 2084 1855 2153 regnaret,
1882 2079 2013 2152 frequens
2035 2081 2077 2136 iu·

1198 2174 1316 2227 vertute
1327 2171 1505 2243 gymnasium
1515 2170 1601 2226 ατατὶε
1612 2172 1641 2225 et
1656 2168 1716 2240 igni
1725 2164 1909 2224 circumdedit
1917 2183 2078 2239 omnmque,

1198 2256 1247 2329 qui
1264 2257 1294 2312 in
1313 2273 1347 2312 eo
1366 2260 1454 2321 amnt,
1473 2255 1578 2328 partlm
1594 2253 1678 2325 lerro,
1695 2255 1799 2326 partim
1821 2251 1934 2309 flamma
1956 2255 2075 2310 beavit

423 2365 555 2442 Quibus
576 2363 660 2427 locis
683 2362 809 2426 collatis
831 2360 1015 2426 Diodorum
1037 2367 1070 2425 et
1091 2361 1261 2427 Valerium
1283 2363 1337 2426 his
1359 2364 1540 2427 enuntiatis
1562 2361 1748 2426 consentire
1770 2363 1947 2425 concedas:

269 2481 328 2540 υλόν
347 2483 606 2553 ἔσιηαξεν...παῖδα
618 2483 671 2555 μίν
684 2480 748 2538 ὄντα
760 2479 807 2549 την
819 2480 933 2549 ἡλικίαν,
948 2479 1147 2554 ὀνομαζόμενον
1198 2480 1298 2538 Filium
1317 2497 1399 2538 suum
1417 2481 1529 2538 nomine
1547 2479 1722 2554 Memphiten
1738 2518 1942 2539 ............
1959 2497 2077 2552 puerum

268 2569 297 2624 di
313 2574 466 2642 Μτμηίτην.
1200 2608 1245 2622 ...
1259 2566 1347 2624 cecidi
1364 2569 1447 2624 iussit
2069 2607 2078 2636 ,

269 2653 470 2731 ἀκρωτηριάσας
488 2696 494 2710 .
514 2653 545 2712 τὸ
565 2655 644 2728 σῶμα
661 2655 707 2711 τοῦ
731 2653 827 2716 παιδὸς
848 2656 895 2710 καί
916 2655 1004 2716 ἐνθείς
1025 2658 1063 2716 είς
1085 2675 1147 2710 τινα
1199 2659 1284 2727 eaput
1308 2654 1368 2710 elus
1390 2659 1421 2711 et
1443 2652 1530 2727 pedes
1552 2653 1694 2727 praecisos
1721 2651 1889 2726 [almanus]
1908 2653 1937 2709 in
1955 2653 2050 2712 deta.
2072 2698 2077 2711 .

268 2747 360 2809 κίστην
369 2744 527 2816 προσέταξε.
541 2781 602 2796 ....
617 2781 623 2795 .
636 2742 802 2814 διακομίσαι·
812 2738 880 2796 κατα
889 2738 972 2814 τύχην
980 2741 1008 2795 di
1018 2739 1148 2813 σύνεγγυς
1199 2757 1252 2812 pro
1270 2757 1385 2797 munere
1403 2739 1534 2798 natalicio
1552 2742 1636 2797 matti
1654 2741 1739 2797 misit.

268 2825 353 2883 ὄντων
370 2827 401 2902 η’,
418 2827 576 2902 Κλεοπάτρᾳ
593 2828 647 2883 τῶν
664 2830 819 2899 γενεθλίων,

421 2935 511 2998 Haec
539 2935 693 3015 quamvis
721 2934 757 2996 id
785 2934 876 3013 quod
904 2952 1024 2998 censeo
1050 2933 1237 2996 Diodorum
1262 2933 1387 2998 Valerii
1413 2939 1578 2997 auctorem
1607 2953 1682 2998 esse
1705 2933 1945 3006 commendent,
1970 2937 2079 2996 temen

271 3039 373 3101 multo
396 3041 503 3119 magis
527 3038 709 3101 sententiae
731 3056 824 3100 meae
845 3037 945 3102 fidem
969 3037 1047 3101 iacit
1068 3037 1114 3111 id,
1138 3038 1230 3118 quod
1251 3038 1294 3101 ab
1315 3043 1458 3118 utroque
1481 3039 1640 3119 scriptore
1656 3039 1778 3119 pariter
1792 3037 1979 3118 exponitur,
1996 3037 2080 3118 quid

270 3142 481 3205 Ptolemaeus
509 3141 701 3205 crudelitate
728 3158 791 3202 sua
818 3140 970 3204 effecerit.
1015 3141 1162 3221 Uterque
1190 3141 1280 3204 enim
1307 3140 1500 3223 Cleopatrae
1524 3140 1758 3205 lamentatione
1786 3143 1877 3204 cives
1900 3143 2080 3222 magnoin

270 3264 384 3326 regem
411 3246 488 3310 odio
516 3245 737 3308 inflammatos
766 3262 840 3307 esse
866 3244 974 3307 refert.
1022 3243 1141 3324 Neque
1168 3265 1247 3308 vero
1274 3246 1413 3309 Diodori
1440 3249 1473 3307 et
1497 3245 1622 3308 Valerii
1649 3245 1875 3326 expositiones
1907 3243 2080 3308 nonnullis

270 3352 373 3414 rebus
400 3350 486 3413 inter
512 3367 548 3411 se
575 3347 707 3411 differre
733 3367 830 3430 nego.
879 3347 936 3409 ille
963 3347 1053 3411 euim
1081 3349 1190 3412 scelus
1217 3351 1254 3413 in
1280 3348 1393 3412 insula
1415 3347 1527 3430 Cypro
1554 3351 1769 3412 commissum
1796 3353 1828 3413 el
1848 3347 1911 3410 filii
1932 3348 2081 3412 membra

269 3454 508 3517 Alexandriam
530 3454 635 3516 missa
657 3470 731 3514 esse
754 3457 873 3526 narrat,
898 3471 937 3515 aa
960 3470 1046 3532 quae
1069 3453 1106 3515 in
1127 3452 1231 3515 huius
1254 3453 1405 3534 exemplo
1429 3472 1498 3516 non
1518 3452 1655 3534 reperis.
1701 3452 1769 3516 Sed
1791 3451 1873 3516 haec
1899 3453 2011 3516 minus
2037 3452 2081 3516 ad

270 3577 340 3622 rem
362 3558 536 3639 pertinent,
560 3575 646 3636 quae
669 3573 689 3618 a
710 3554 842 3618 Valerio
864 3555 1004 3619 consilio
1027 3557 1262 3637 praetermissa
1284 3577 1358 3620 esse
1374 3558 1539 3639 suspicari
1554 3557 1659 3621 boeot
1697 3555 1796 3634 Quod
1811 3577 1890 3622 vero
1905 3557 1960 3620 hic
1975 3555 2081 3619 filium

275 3662 480 3738 ,liberalis
507 3663 666 3733 formae,
696 3659 869 3740 optimae
890 3661 977 3741 spei
999 3667 1187 3740 puerum¹⁴
1210 3659 1315 3724 luisse
1339 3667 1441 3742 atque
1467 3663 1530 3738 ,in
1550 3666 1789 3743 conspectu“
1812 3661 1916 3742 patris
1935 3661 2081 3724 occisum

272 3785 346 3828 esse
368 3766 476 3840 tradit,
500 3766 574 3829 sina
597 3763 700 3828 dubio
723 3781 762 3825 ea
784 3768 893 3827 mente
914 3763 1037 3828 iactum
1060 3770 1119 3838 est,
1142 3769 1180 3827 ut
1201 3764 1383 3828 Ptolemaei
1406 3766 1584 3828 crudelitas
1606 3770 1792 3847 augeretur.
1830 3764 1947 3847 Neque
1969 3765 2081 3827 minus

272 3869 375 3932 verba
401 3888 538 3949 ,quem
561 3889 608 3932 ex
631 3867 859 3948 Cleopatra,
883 3869 1017 3931 eadem
1041 3888 1175 3932 sorore
1198 3874 1234 3933 et
1259 3888 1396 3947 uxore,
1426 3869 1667 3933 sustulerat“
1692 3873 1725 3932 et
1750 3869 1938 3949 ,perinde
1964 3867 2082 3948 quasi

272 3974 359 4053 ipse
382 3973 525 4047 cladis,
549 3992 663 4052 quam
686 3972 748 4038 illi
771 3971 980 4046 Inierebat,
1005 3980 1174 4054 expers“
1200 3993 1242 4036 ex
1261 3973 1419 4052 Valerii1)
1440 3973 1574 4037 cilicina
1596 3991 1750 4036 manasse
1769 3972 1935 4036 videntur.
1971 3973 2082 4053 Atque

273 4079 372 4140 etiam
399 4096 447 4150 aa,
476 4096 562 4157 quae
588 4078 643 4141 hio
665 4075 932 4140 narratiunculae
960 4077 1058 4156 quasi
1081 4077 1255 4140 exordium
1279 4077 1467 4157 praemittit,
1491 4077 1600 4140 eidem
1622 4077 1834 4140 attribuenda
1856 4083 1944 4140 sunt.
1989 4074 2082 4151 Quas

271 4199 351 4243 vero
377 4180 530 4243 Valerius
557 4181 594 4242 in
619 4178 686 4242 fine
713 4179 876 4262 adiungit,
906 4181 1035 4244 etlamsi
1063 4181 1154 4262 apud
1181 4182 1366 4245 Diodorum
1393 4186 1523 4244 servata
1550 4200 1619 4244 non
1646 4185 1734 4256 sunt,
1768 4187 1878 4244 nmen
1905 4201 1948 4244 ex
1979 4181 2083 4244 huius

274 4304 373 4365 opere
399 4285 595 4348 deducenda
622 4301 696 4346 esse
723 4284 806 4346 mibi
829 4284 987 4347 videntur
1013 4304 1119 4365 aequo
1148 4305 1186 4348 ac
1208 4285 1311 4348 verba
1336 4285 1567 4366 ,chlamyde
1595 4289 1792 4367 opertos“.
1837 4287 1922 4350 Nam
1945 4283 2084 4348 Diodori

272 4388 383 4451 locum
405 4409 473 4451 non
494 4389 598 4452 huius
621 4388 731 4468 ipsius
753 4387 865 4461 verba,
889 4388 950 4450 sed
973 4409 1015 4452 ex
1038 4388 1249 4453 Constantini
1272 4389 1545 4453 collectaneorum
1568 4389 1653 4453 libro
1676 4390 1824 4471 eclogam
1847 4408 1921 4453 esse
1937 4388 2083 4452 animad-

274 4493 470 4555 vertendum
492 4493 590 4555 nobis
613 4496 672 4555 est.
715 4491 808 4554 Nihil
829 4491 934 4573 igitur
957 4497 1015 4566 est,
1039 4492 1132 4572 quod
1154 4494 1195 4557 de
1218 4493 1358 4557 Diodori
1380 4491 1571 4557 auctoritate
1594 4493 1797 4557 dubitemus.
1842 4493 1959 4573 Neque
1975 4497 2084 4555 tamen

275 4615 328 4658 me
349 4595 435 4677 fugit
456 4597 622 4676 Livium2)
645 4600 677 4658 et
698 4594 897 4677 Pompeium
917 4596 1091 4678 Trogum³)
1112 4597 1207 4677 ipsos
1230 4616 1366 4677 quoque
1389 4597 1431 4660 de
1453 4596 1635 4661 Ptolemaei
1650 4596 1842 4660 crudelitate
1858 4597 1979 4678 egisse.
2004 4596 2085 4659 Sed

274 4696 404 4774 Iustini,
427 4701 528 4782 Trogi
555 4700 767 4780 excerptoris,
791 4701 907 4774 verba,
931 4703 994 4765 etsi
1021 4701 1161 4764 eandem
1187 4719 1256 4764 rem
1284 4702 1452 4783 praebent,
1480 4703 1594 4765 minus
1620 4702 1664 4765 ad
1690 4700 1815 4764 Valerii
1841 4701 2084 4782 expositionem

430 4868 453 4940 ¹)
480 4868 612 4926 Valerius
635 4868 790 4926 Ptolemaei
814 4869 869 4927 alio
894 4868 955 4927 looo
977 4869 1022 4943 (ci.
1042 4869 1091 4942 IX,
1116 4873 1139 4928 l.
1164 4875 1219 4928 ext
1236 4871 1273 4941 5),
1298 4888 1380 4944 quem
1405 4869 1511 4944 Kempi
1530 4870 1633 4942 (alil
1653 4888 1672 4943 p
1693 4871 1739 4942 21)
1756 4871 1817 4928 iure
1836 4888 1887 4928 suo
1907 4869 1943 4926 ad
1961 4869 2085 4943 Trogum

276 4961 419 5013 auctorem
437 4960 561 5027 revocat,
579 4957 749 5014 mentionem
768 4954 842 5013 lacit.

431 5041 453 5114 ²)
480 5041 512 5099 ci.
527 5043 593 5115 epit.
605 5047 648 5102 59.

432 5127 453 5197 ⁸)
481 5127 514 5186 ci.
527 5128 626 5185 lustin.
638 5128 803 5201 XXXVIII,
821 5134 847 5200 8,
865 5135 906 5188 13.
