4440 5674
1022 205 1237 268 ...7-

228 435 330 500 quam
359 436 420 499 par
445 421 496 481 est
522 415 625 481 verba
646 414 732 480 lucit.
778 411 852 490 Quo
879 415 916 477 in
937 433 1059 497 genere
1083 412 1230 496 putanda
1252 417 1332 476 sunt
1354 409 1463 493 capita
1483 411 1578 485 LXI,
1602 412 1644 475 58
1667 417 1699 474 et
1722 413 1778 486 59;
1801 412 1822 477 l.
1847 409 1933 486 XIII,
1960 413 2036 486 102;

227 523 248 586 l.
264 523 337 596 XV,
365 521 416 596 88,
451 520 578 602 quibus
608 519 663 584 ille
695 519 737 583 de
765 519 997 583 Themistoclis
1025 523 1138 592 morte,
1172 518 1214 580 dc
1240 517 1471 581 Diomedontis
1499 515 1677 597 supplicio,
1711 517 1752 579 de
1784 516 2037 597 Epaminondae

228 625 335 708 gloria
356 626 527 705 copiosius
550 623 694 686 disserit.
738 623 857 703 Neque
878 641 958 685 vero
980 628 1106 686 taceam
1128 642 1168 685 ea
1187 639 1224 685 re
1246 621 1430 684 Diodorum
1453 639 1473 683 a
1493 620 1626 684 Valerio
1642 621 1802 701 superari.
1840 621 1913 685 Hoc
1927 626 2038 684 tamen

228 748 297 793 non
319 728 437 803 obstat,
462 729 546 808 quin
566 728 658 790 hunc
679 725 779 790 etiam
801 731 936 808 propter
957 727 1072 789 stilum
1095 743 1196 806 quem
1219 726 1329 789 dicere
1353 725 1499 787 solemus
1522 725 1613 788 illiue
1636 722 1872 789 bibliothecam
1893 725 2038 790 libenter

228 833 433 914 expilavisse
455 852 528 896 meo
551 832 624 895 iure
647 831 819 895 coniciam.
863 830 901 894 ld
924 835 1012 894 certe
1033 835 1122 910 patet
1145 831 1175 892 si
1198 830 1343 893 alicuius
1365 831 1510 893 auctoris
1534 847 1620 909 opus
1642 833 1757 910 aptum
1783 835 1881 904 esset,
1905 849 1947 892 ex
1970 848 2037 910 quo

227 938 382 1001 Valerius
405 935 557 1017 exempla
575 936 732 1010 hauriret,
754 935 895 998 Diodori
917 934 1021 998 libros
1043 933 1158 997 fuisse.

382 1058 433 1120 Ea
466 1061 669 1138 argumenta,
704 1056 830 1137 quibus
863 1075 974 1137 usque
1007 1055 1117 1119 adhuc
1150 1055 1244 1119 illum
1272 1074 1314 1117 ex
1339 1055 1443 1118 huius
1468 1053 1672 1117 bibliotheca
1698 1055 1852 1136 exempla
1878 1055 2038 1136 petivisse

229 1162 442 1242 comprobare
466 1164 603 1224 conatus
627 1179 712 1233 sum,
737 1159 800 1222 etsi
823 1159 970 1240 aliquam
993 1158 1236 1240 probabilitatis
1260 1159 1406 1239 speciem
1421 1158 1590 1238 praebent,
1614 1162 1724 1222 tamen
1745 1177 1814 1221 non
1836 1163 1902 1222 tam
1921 1159 2039 1240 gravia

228 1267 385 1329 videntur
411 1283 495 1338 esse,
517 1260 561 1347 :ut
590 1263 699 1326 omnis
726 1263 890 1327 dubitatio
918 1267 1134 1328 removeatur.
1189 1261 1228 1324 ld
1265 1281 1344 1325 vero
1371 1261 1608 1342 impetraturus
1636 1280 1709 1324 esse
1736 1262 1819 1325 mihi
1848 1261 1973 1336 videor,
2008 1263 2038 1324 si

230 1387 389 1450 magnum
405 1386 605 1432 consensum
622 1368 694 1431 sive
708 1387 819 1431 rerum
836 1367 909 1431 sive
924 1366 1102 1431 verborum
1117 1366 1204 1428 inter
1213 1363 1352 1428 Diodori
1367 1364 1459 1428 locos
1475 1370 1507 1428 et
1522 1365 1673 1446 exempla
1687 1364 1813 1429 Valerii
1834 1366 2038 1429 intercedere

230 1474 509 1546 demonstravero,

387 1593 591 1674 Priusquam
612 1597 724 1656 autem
747 1594 790 1656 ad
811 1593 899 1657 hanc
922 1591 1152 1672 quaestionem
1175 1588 1410 1670 transgrediar,
1434 1608 1519 1670 opus
1542 1589 1625 1654 mihi
1640 1590 1863 1656 videturesse
1878 1591 2037 1668 indicare,

231 1699 357 1779 quibus
384 1696 638 1761 difficultatibus
668 1697 705 1759 in
732 1697 977 1779 comparatione
1000 1695 1140 1757 Diodori
1174 1699 1206 1756 et
1232 1693 1357 1756 Valerii
1384 1693 1533 1756 locorum
1560 1694 1768 1758 instituenda
1801 1695 2035 1760 conflictemur.

230 1803 402 1866 Haerere
425 1821 493 1865 non
516 1801 624 1864 solum
647 1821 690 1864 ex
711 1801 813 1874 illius,
842 1800 902 1864 sed
925 1800 1023 1863 etiam
1046 1818 1089 1862 ex
1109 1798 1213 1860 huius
1236 1816 1335 1877 opere
1357 1802 1550 1860 nascuntur.
1594 1796 1735 1861 Diodori
1757 1799 1895 1880 quidem
1917 1800 2037 1864 biblio·

230 1907 326 1970 theca
351 1908 481 1988 integra
507 1906 606 1968 nobis
634 1909 765 1969 servata
789 1924 858 1968 non
886 1910 945 1969 est.
993 1902 1047 1965 Ex
1074 1901 1296 1984 quadraginta
1322 1901 1414 1964 enim
1439 1901 1535 1965 libris
1570 1902 1761 1982 quindecim
1795 1910 1984 1985 supersunt,
2019 1924 2037 1967 a

229 2011 336 2091 primo
359 2029 469 2090 usque
492 2010 536 2072 ad
558 2009 713 2090 quintum
736 2015 768 2073 et
790 2009 832 2072 ab
854 2008 1033 2072 undecimo
1056 2005 1098 2069 ad
1121 2005 1329 2090 vicesimum,
1345 2005 1467 2086 reliqui
1482 2011 1667 2087 temporum
1686 2007 1810 2071 iniuria
1832 2007 2038 2072 interierunt.

230 2113 356 2177 Horum
382 2113 545 2194 reliquiae
572 2118 704 2178 exstant
731 2115 865 2196 eclogae
889 2112 1090 2175 Ursinianae
1117 2129 1156 2174 ac
1177 2110 1374 2173 Valesianae
1402 2114 1435 2173 et
1461 2114 1616 2192 excerpta
1641 2110 1794 2174 Vaticani
1820 2111 2037 2192 palimpsesti,

231 2237 316 2298 quae
332 2219 368 2280 in
384 2236 506 2298 magna
520 2218 577 2281 illa
593 2217 805 2280 Constantini
818 2214 1100 2298 Porphyrogeniti
1116 2220 1347 2295 excerptorum
1362 2233 1405 2277 ex
1418 2215 1588 2277 veteribus
1609 2215 1828 2295 scriptoribus
1844 2216 2035 2279 collectione

230 2322 335 2385 titulis
356 2321 431 2405 περὶ
445 2321 634 2406 πρεσβειῶν,
648 2321 722 2406 περὶ
738 2317 857 2406 ἀρετῆς
880 2321 937 2384 καὶ
959 2318 1087 2398 κακίας,
1109 2317 1183 2403 περὶ
1206 2318 1352 2402 γνωμῶν
1374 2317 1554 2381 subiuncta
1576 2323 1676 2392 erant,
1693 2324 1823 2400 praeter
1844 2339 1883 2382 ea
1902 2320 2036 2402 eclogae

228 2425 266 2487 in
290 2424 405 2488 Photii
431 2424 666 2489 bibliothecam
692 2429 853 2506 receptae,
881 2442 1067 2504 perpaucae
1090 2421 1270 2504 particulae
1293 2421 1336 2484 ab
1358 2421 1557 2486 Hoeschelio
1581 2423 1698 2496 editae,
1722 2423 1883 2486 nonnulla
1908 2423 2037 2487 minora

230 2529 414 2609 fragmenta
446 2548 489 2592 ex
521 2528 665 2591 diversis
699 2528 918 2610 scriptoribus
957 2532 1098 2608 sumpta.
1154 2525 1320 2606 Pleraque
1358 2525 1463 2606 igitur
1499 2525 1661 2590 debemus
1695 2524 1906 2590 Constantini
1944 2529 2037 2608 operi

230 2630 513 2706 collectaneorum,
542 2652 685 2713 quorum
712 2638 921 2715 excerptores
947 2631 1133 2694 Diodorum
1158 2649 1228 2693 non
1255 2630 1297 2693 ad
1323 2632 1464 2694 verbum
1487 2630 1728 2710 expilaverunt,
1752 2631 1812 2692 sed
1835 2651 1875 2694 aa
1896 2635 2036 2694 tantum·

228 2736 327 2800 modo
350 2754 393 2799 ex
414 2755 454 2799 eo
477 2736 763 2817 deprompserunt,
788 2756 875 2817 quae
898 2737 942 2800 sd
962 2735 1063 2798 finem
1085 2735 1293 2816 propositum
1316 2735 1527 2815 pertinerent.
1566 2733 1641 2811 Quo
1656 2734 1780 2799 sactum
1795 2738 1854 2809 est,
1877 2740 1915 2797 ut
1933 2735 2038 2798 multa

229 2841 328 2920 plane
354 2842 656 2920 praetermitterent,
689 2841 755 2904 alia
780 2842 817 2905 in
848 2841 985 2905 brevius
1016 2840 1206 2922 redigerent
1214 2841 1246 2918 ¹).
1295 2839 1443 2913 Accedit,
1476 2840 1568 2919 quod
1597 2839 1774 2902 verborum
1807 2857 1931 2902 nexum
1969 2859 2037 2902 non

230 2942 398 3016 curabant,
432 2944 600 3007 interdum
633 2945 669 3006 in
702 2945 813 3007 media
841 2944 1004 3008 sententia
1032 2943 1271 3016 subsistebant,
1304 2943 1500 3006 nominibus
1534 2943 1668 3006 omissis
1701 2920 1812 3006 rerum
1844 2943 2037 3007 traditarum

229 3046 431 3109 intellectum
453 3047 640 3109 turbabant.
684 3048 801 3128 Itaque
824 3067 924 3128 saepe
946 3054 1097 3112 accurate
1121 3051 1264 3110 statuere
1287 3045 1516 3126 nequibimus,
1533 3066 1619 3127 quae
1634 3047 1774 3110 Diodori
1788 3047 1891 3111 rerba
1905 3047 2035 3122 fuerint,

229 3149 265 3213 id
288 3150 380 3230 quod
401 3149 438 3212 in
458 3149 542 3213 locis
564 3149 668 3213 huius
692 3155 723 3213 et
745 3151 891 3214 asseclae
913 3150 1122 3234 conferendis
1144 3150 1228 3214 mihi
1250 3149 1499 3230 respiciendum
1521 3156 1580 3214 est.

381 3271 499 3352 Neque
526 3271 639 3334 minus
661 3272 788 3354 negotii
811 3271 904 3335 affert
925 3271 962 3334 in
984 3271 1157 3334 collatione
1179 3271 1331 3334 facienda
1351 3270 1506 3334 Valerius
1529 3271 1695 3334 Maximus
1718 3272 1853 3346 ratione,
1877 3291 1945 3352 qua
1966 3272 2038 3335 ion-

229 3375 319 3438 tibus
343 3375 415 3438 suis
437 3393 521 3438 usus
544 3379 603 3438 est.
647 3374 698 3440 De
720 3375 783 3438 hac
805 3376 909 3438 multa
931 3376 994 3439 iam
1019 3374 1184 3456 Kempfl),
1214 3372 1405 3456 Zschechl),
1427 3373 1602 3458 Krieger⁴)
1624 3375 1888 3456 disputaverunt,
1911 3377 2037 3457 quibus

228 3498 336 3561 pauca
357 3479 490 3542 addam:

381 3600 534 3663 Valerius
555 3619 667 3680 neque
688 3619 810 3682 magno
832 3600 981 3664 veritatis
1003 3619 1114 3664 amore
1136 3605 1236 3680 atque
1260 3599 1371 3663 studio
1393 3617 1503 3680 neque
1525 3599 1614 3662 iusta
1634 3600 1808 3682 diligentia
1823 3619 1861 3664 ac
1875 3601 2036 3684 religione

227 3710 362 3784 accepta
393 3704 557 3768 reddendi
590 3710 649 3768 est.
694 3703 768 3781 Quo
795 3705 951 3768 maiorem
985 3705 1054 3768 vim
1088 3710 1281 3768 ornatumve
1307 3704 1446 3786 recipiat
1472 3705 1592 3780 oratio,
1615 3706 1788 3787 permultis
1811 3705 1894 3770 locis
1917 3726 1936 3769 a
1958 3725 2037 3769 vero

228 3807 378 3870 discedit.
423 3806 633 3888 Quamquam
655 3827 729 3871 raro
757 3809 896 3871 consilio
924 3828 962 3872 ac
983 3809 1111 3872 ratione
1133 3808 1224 3883 fallit,
1248 3828 1408 3889 persaepe
1430 3809 1618 3890 ignorantia
1639 3811 1711 3873 veri
1732 3809 1864 3873 fallitur.
1898 3810 1982 3874 Mira
2000 3812 2038 3874 in

227 3911 448 3993 inspiciendis
471 3911 610 3974 aliorum
634 3912 832 3976 testimoniis
854 3913 1068 3994 negligentia,
1092 3932 1195 3993 prava
1216 3913 1253 3974 in
1275 3912 1506 3976 exscribendis
1529 3915 1681 3977 socordia
1703 3916 1815 3978 utitur.
1859 3914 1914 3977 Ad
1936 3934 2037 3978 unam

226 4034 296 4079 rem
319 4015 535 4078 enarrandam
557 4016 723 4079 interdum
746 4016 832 4080 duos
855 4017 960 4080 fontes
976 4016 1046 4080 adit
1059 4017 1115 4092 ita,
1132 4023 1169 4079 ut
1184 4016 1320 4080 alterius
1335 4019 1522 4081 narratione
1537 4017 1751 4081 fundamento
1766 4038 1850 4082 usus
1865 4020 2035 4093 nonnulla,

228 4137 313 4198 quae
346 4118 377 4182 ei
410 4119 454 4183 ad
479 4138 550 4182 rem
576 4119 830 4184 describendam
851 4120 973 4184 idonea
994 4126 1138 4201 aptaque
1160 4121 1346 4194 videantur,
1371 4140 1414 4183 ex
1439 4121 1540 4184 altero
1565 4141 1699 4203 quoquc
1727 4129 1882 4204 excerpat
1903 4128 2036 4186 auctore

228 4241 375 4302 suaeque
408 4223 561 4286 relationi
586 4223 718 4287 adiciat.
763 4223 831 4287 Sed
856 4243 925 4288 non
951 4224 1059 4287 solum
1085 4229 1170 4288 totas
1198 4227 1387 4298 sententias,
1418 4225 1477 4288 sed
1504 4226 1602 4290 etiam
1625 4228 1760 4310 singula
1781 4228 1884 4291 verba
1905 4228 1947 4291 ab
1971 4228 2035 4290 alio

228 4326 386 4407 scriptore
413 4331 590 4389 mutuatur.
636 4327 681 4390 Ut
707 4347 755 4402 ea,
788 4346 874 4407 quae
901 4327 943 4391 ab
971 4333 1104 4391 auctore
1130 4328 1268 4391 uberius
1295 4335 1517 4410 exponuntur,
1544 4330 1712 4394 interdum
1738 4332 1855 4412 paucis
1883 4331 2035 4404 absolvit,

227 4429 274 4492 ita
295 4448 363 4492 non
384 4449 458 4494 raro
481 4431 607 4512 aliquot
627 4435 798 4496 enuntiata
817 4433 981 4497 rhetorico
1004 4432 1112 4496 colore
1134 4433 1317 4514 composita
1331 4434 1435 4497 ducis
1457 4435 1640 4498 narrationi
1662 4435 1780 4499 inserit
1802 4441 1901 4516 atque
1923 4435 2037 4498 inania

226 4533 330 4596 verba
361 4532 399 4597 in
431 4533 498 4598 fine
531 4535 693 4616 adiimgit
739 4537 845 4619 Saepe
878 4536 1047 4600 materiem
1075 4537 1193 4610 solam,
1227 4556 1296 4601 non
1324 4537 1485 4602 rationem
1507 4543 1607 4618 atque
1630 4558 1806 4614 conexum,
1831 4539 1957 4619 quibus
1978 4539 2037 4604 illa

226 4641 417 4718 usurpatur,
445 4639 570 4702 auctori
593 4638 700 4704 debet.
745 4640 865 4721 Neque
891 4641 980 4703 enim
1006 4659 1081 4704 raro
1107 4640 1159 4714 fit,
1186 4645 1225 4704 ut
1251 4645 1423 4722 excerptor
1449 4642 1542 4705 aliud
1563 4648 1664 4723 atque
1686 4643 1742 4706 ille
1765 4643 1978 4724 comprobare
2000 4643 2036 4707 in

382 4841 403 4960 :l
431 4839 465 4902 cf.
482 4839 603 4899 Klllber:
629 4833 708 4901 Uber
730 4843 776 4902 die
794 4842 911 4914 Quellen
929 4844 979 4902 des
997 4843 1104 4902 Diodor
1122 4863 1177 4902 von
1195 4842 1309 4902 Siciliae
1327 4845 1366 4902 im
1384 4845 1436 4903 IX.
1449 4844 1538 4903 Buoh.
1574 4845 1737 4919 Whraburg
1755 4849 1823 4905 1868
1840 4847 1895 4918 p.8
1913 4850 1943 4903 et
1961 4851 2001 4904 10.

382 4929 408 5083 l
433 4926 504 5071 ll
520 4927 548 5084 l:
564 4933 776 5088 liifttssa.

382 5099 405 5172 ⁴)
432 5099 465 5157 ci.
485 5100 501 5160 l
521 5100 548 5174 l.,
565 5119 593 5175 p.
605 5106 682 5163 a-t.
