4440 5674
1003 251 1218 312 ..5-

209 469 327 514 norum
347 449 574 531 exemplorum
597 471 756 516 numerus
778 451 881 516 multo
904 454 1040 519 inferior
1062 475 1163 536 quam
1186 455 1440 519 domesticorum
1465 460 1528 528 est3
1551 456 1634 518 haec
1656 457 1729 528 636,
1753 455 1822 518 illla
1843 456 1908 518 320
1930 461 2017 519 sunt.

207 553 320 616 Altero
343 559 432 617 tanto
454 554 559 636 igitur
580 557 773 622 domesticis
796 563 931 622 externa
955 560 1107 640 exempla
1129 563 1338 640 superantur.

363 656 537 732 Quomodo
570 659 653 724 haec
686 662 873 726 differentia
904 663 1064 744 explicari
1093 667 1220 744 potest?
1263 663 1318 726 An
1344 663 1513 726 Valerium
1541 663 1656 744 populi
1690 663 1833 726 Romam
1867 665 2019 744 exempla

208 761 379 840 permulta,
397 767 585 827 exterarum
600 765 750 846 gentium
773 767 903 830 minora
925 768 1095 831 autetiam
1109 786 1346 848 nonnusquam
1365 767 1457 829 nulla
1472 786 1665 830 enumerare
1680 768 1716 829 in
1732 768 1842 829 animo
1858 767 2019 830 habuisse

209 865 376 944 opinaris?
408 865 567 940 Quaestio
590 867 738 932 difficilis
762 874 812 932 est
834 889 944 951 neque
966 871 1070 934 huius
1091 871 1140 934 rei
1164 874 1396 953 argumentum
1419 871 1528 934 afferri
1550 890 1650 951 posse
1672 871 1814 950 videtur,
1837 871 1904 933 nisi
1927 871 2020 951 quod

207 965 325 1040 fontes,
349 967 474 1047 quibus
496 970 650 1034 Valerius
672 973 722 1034 uti
745 973 886 1048 solebat,
909 972 940 1038 ei
962 995 1080 1056 parum
1102 974 1239 1038 uberem
1261 973 1430 1037 materiem
1453 974 1650 1055 praebuisse
1673 975 1866 1054 suspicaris.
1910 974 1955 1037 At
1977 994 2018 1038 ex

209 1070 367 1150 operibus
391 1071 562 1136 Ciceronis
584 1079 617 1138 et
630 1075 731 1150 Livii,
756 1097 841 1158 quos
864 1080 1075 1159 potissimum
1090 1084 1241 1144 auctores
1257 1077 1421 1160 adhibuit,
1445 1095 1603 1158 magnum
1618 1097 1793 1142 numerum
1808 1083 2019 1142 externorum

210 1193 345 1255 quoque
369 1177 593 1258 exemplorum
617 1179 829 1263 desumptum
854 1202 928 1246 ease
945 1181 1094 1247 Zschech
1117 1189 1149 1247 et
1163 1183 1304 1264 Krieger
1320 1182 1465 1246 dilucide
1481 1182 1799 1246 demonstraverunt.
1832 1181 1944 1262 Atque
1965 1181 2022 1244 hic

208 1297 367 1342 numerus
390 1279 544 1344 facillime
567 1284 682 1365 augeri
705 1290 821 1365 potest.
856 1285 980 1350 Tamen
996 1269 1195 1352 contendere
1210 1288 1318 1350 ausim
1335 1287 1371 1349 in
1386 1285 1533 1349 lontibus
1548 1285 1738 1366 praecipuis
1758 1305 1811 1348 res
1826 1287 2019 1367 peregrinas

209 1382 320 1444 minus
344 1401 447 1463 quam
461 1383 629 1448 Romanae
652 1387 835 1471 descriptas
858 1409 942 1464 esse,
966 1399 1004 1453 ut
1024 1391 1188 1464 Valerius,
1213 1391 1242 1453 si
1265 1391 1457 1455 domesticis
1480 1395 1615 1453 externa
1638 1390 1790 1469 exempla
1811 1391 1847 1451 in
1863 1388 2019 1452 omnibus

209 1485 375 1567 capitibus
409 1489 582 1552 adnectere
609 1491 720 1566 vellet,
748 1493 785 1555 in
812 1499 993 1576 angustum
1020 1497 1157 1559 venirat.
1201 1495 1286 1558 Nam
1313 1494 1480 1574 siquidem
1509 1511 1571 1555 sua
1601 1494 1723 1572 cuique
1746 1493 1846 1573 capiti
1869 1491 2020 1573 exempla

208 1587 389 1654 domestica
410 1610 478 1655 non
501 1593 618 1668 solum,
642 1596 702 1658 sed
725 1597 820 1660 etiam
847 1603 983 1662 externa
1006 1599 1183 1662 attribuere
1207 1599 1429 1672 constitueret,
1453 1599 1517 1661 hoc
1532 1597 1709 1660 consilium
1724 1597 1864 1676 exsequi
1879 1596 2020 1658 multum

208 1692 282 1755 eius
305 1693 496 1759 interfuisse
518 1698 700 1764 verisimile
723 1705 781 1764 est.
827 1700 927 1778 Quod
950 1722 1026 1765 cum
1046 1703 1177 1766 Valerio
1200 1723 1219 1765 e
1242 1702 1412 1766 Ciceronis
1435 1704 1468 1764 et
1488 1700 1579 1763 Livii
1601 1700 1697 1763 libris
1719 1699 1886 1763 haurienti
1908 1700 2020 1762 minus

210 1797 430 1879 contingeret,
458 1800 501 1863 ad
527 1802 611 1865 alios
637 1805 814 1885 scriptores
837 1806 1017 1888 confugere
1038 1813 1171 1870 coactus
1195 1812 1245 1869 est
1271 1811 1371 1886 atque
1393 1825 1466 1879 eos,
1489 1825 1509 1868 a
1536 1804 1662 1885 quibus
1684 1805 1860 1886 peregrina
1882 1804 2021 1866 historia

209 1900 317 1981 magis
339 1909 490 1983 respecta
511 1912 580 1969 erat
602 1926 702 1987 quam
725 1909 768 1972 ab
790 1910 866 1974 illis.
911 1910 986 1987 Quo
1008 1911 1045 1973 in
1066 1930 1204 1974 numero
1226 1909 1354 1993 Hygini
1376 1910 1462 1972 liber
1489 1909 1530 1971 de
1552 1909 1635 1971 viris
1657 1908 1844 1970 illustribus
1870 1913 1902 1970 et
1922 1907 2020 1970 Pom-

209 2003 277 2083 peii
300 2005 401 2087 Trogi
422 2006 582 2073 historiae
602 2010 813 2093 Philippicae
834 2014 1009 2077 habendae
1032 2018 1119 2076 sunt.
1156 2013 1266 2090 Quid?
1299 2013 1439 2076 Diodori
1462 2011 1567 2075 Siculi
1590 2011 1792 2075 bibliotheca
1813 2030 1924 2074 nonne
1946 2011 2022 2090 ipsa

210 2124 345 2188 quoque
367 2109 441 2173 fons
464 2113 607 2178 maxime
634 2116 776 2180 idoneus
798 2123 898 2198 atque
921 2117 1077 2199 copiosus
1099 2122 1178 2192 erat,
1202 2139 1245 2182 ex
1267 2137 1334 2198 quo
1356 2117 1510 2180 Valerius
1532 2116 1635 2178 multa
1657 2115 1809 2195 exempla
1830 2115 2021 2196 preregrina

209 2211 343 2275 haurire
371 2218 505 2294 posset?
547 2218 657 2300 Atque
680 2222 778 2284 etiam
801 2222 883 2285 alios
906 2221 976 2295 hic,
1004 2227 1136 2284 utrem
1163 2223 1365 2302 propositam
1393 2220 1436 2284 ad
1461 2219 1560 2282 finem
1583 2220 1792 2300 perduceret,
1821 2219 1894 2281 sine
1916 2217 2020 2280 dubio

209 2314 301 2378 adiit.
335 2315 555 2385 Difficultates
578 2327 697 2394 autem,
722 2325 848 2405 quibus
871 2327 906 2388 in
928 2326 1127 2408 alienigenis
1149 2325 1311 2406 exemplis
1335 2324 1532 2406 colligendis
1554 2323 1774 2404 premebatur,
1798 2327 1845 2385 tot
1859 2327 1961 2394 erant,
1984 2327 2022 2384 ut

209 2423 375 2498 postremo
390 2423 522 2504 incepto
538 2426 703 2490 desistens
719 2447 829 2508 neque
844 2429 1002 2492 omnibus
1018 2430 1122 2492 titulis
1138 2449 1178 2492 ea
1191 2429 1329 2493 adderet
1343 2447 1405 2491 nec
1425 2428 1644 2492 differentiam
1658 2445 1870 2489 numerorum
1886 2425 2020 2489 tolleret.

364 2543 476 2623 Atque
507 2545 590 2610 haec
624 2550 760 2628 quidem
787 2549 829 2613 de
857 2551 1076 2631 dispositione
1099 2551 1222 2631 operis,
1257 2571 1300 2614 ex
1323 2568 1404 2630 qua,
1439 2549 1568 2613 etiamsi
1590 2548 1765 2621 nonnulla,
1799 2565 1886 2627 quae
1909 2548 2020 2620 statui,

211 2644 368 2728 ambigua
389 2654 476 2722 sunt,
500 2649 563 2714 hoc
585 2657 673 2716 certe
695 2655 802 2717 conici
825 2655 901 2719 licet
922 2654 1107 2718 Diodorum
1123 2655 1273 2718 Siculum
1289 2673 1309 2717 a
1323 2654 1454 2718 Valerio
1470 2654 1513 2716 ob
1528 2653 1665 2716 uberem
1680 2651 1848 2715 materiam
1863 2650 2022 2715 historiae

209 2752 364 2813 externae
386 2752 422 2815 in
445 2773 545 2817 usum
568 2775 766 2821 conversum
789 2778 872 2822 esse.

363 2854 433 2918 Iam
456 2858 637 2939 disputatio
659 2864 892 2945 progrediatur
913 2865 956 2927 ad
978 2863 1170 2938 consilium,
1195 2862 1286 2943 qnod
1300 2863 1455 2925 Valerius
1478 2861 1514 2924 in
1537 2861 1730 2924 enarrandis
1746 2860 1844 2923 dictis
1859 2859 2023 2939 lactisque

211 2956 481 3024 memorabilibus
504 2968 638 3028 secutus
661 2970 721 3030 est.

364 3062 463 3126 Hunc
485 3068 637 3148 exempla
659 3088 727 3131 non
750 3071 856 3133 solum
880 3072 916 3135 in
939 3091 1038 3135 usum
1062 3071 1249 3135 scholarum
1273 3069 1461 3152 collegisse,
1486 3067 1546 3132 sed
1568 3071 1605 3132 id
1627 3088 1763 3149 quoque
1786 3069 1964 3132 consilium
1987 3068 2021 3132 in

211 3163 322 3227 animo
345 3166 522 3242 habuisse,
548 3176 585 3232 ut
612 3190 687 3233 cum
715 3173 877 3236 maiorum
905 3175 1045 3238 virtutes
1072 3181 1104 3237 et
1130 3174 1213 3238 vitia
1234 3173 1340 3236 oculis
1362 3173 1543 3255 legentium
1567 3179 1774 3255 proponeret,
1798 3173 1859 3234 hos
1882 3174 1926 3236 ad
1948 3172 2022 3234 illas

211 3268 399 3345 adduceret,
433 3272 476 3335 ab
503 3273 557 3336 his
587 3275 763 3338 deterreret
792 3277 858 3340 iam
891 3279 1045 3359 Kempfl)
1078 3283 1110 3341 et
1138 3279 1311 3360 Kriegerl)
1343 3279 1537 3341 docuerunt.
1586 3277 1740 3340 Valerius
1772 3278 1846 3358 ipse
1881 3281 1953 3340 acta
1985 3297 2024 3340 ac

211 3373 299 3436 dicta
331 3376 492 3438 virtutum
525 3377 649 3442 idcirco
684 3398 720 3443 se
754 3381 988 3461 explicavisse,
1027 3387 1070 3446 ut
1102 3387 1308 3463 respectus
1343 3381 1602 3462 pristinarum
1641 3382 1831 3444 virtutum
1868 3379 2023 3461 aliquid

212 3478 439 3557 aequalium
455 3481 631 3544 moribus
651 3483 898 3564 prodessetlt,
916 3486 1169 3549 vitiaeamente
1181 3505 1217 3548 se
1231 3485 1408 3560 rettulisse,
1428 3490 1470 3548 ut
1485 3485 1664 3548 homines
1682 3504 1721 3547 se
1738 3485 1818 3565 ipsi
1833 3504 2022 3566 recogno

212 3587 368 3645 scentes
384 3583 430 3646 ad
446 3587 729 3665 poenitentiam
744 3588 1031 3672 pellerentur4),
1049 3594 1195 3653 testabar.
1222 3588 1321 3664 Quod
1338 3589 1514 3653 consilium
1527 3593 1564 3652 ut
1581 3593 1828 3669 exsequeretur,
1845 3589 1879 3650 in
1897 3593 2022 3669 septem

210 3685 346 3749 ultimos
362 3686 466 3750 libros
481 3689 591 3752 nullas
606 3691 674 3754 lere
689 3691 772 3754 alias
783 3711 837 3756 res
849 3693 916 3756 nisi
928 3695 1080 3775 exempla
1090 3695 1251 3757 virtutum
1264 3699 1296 3757 et
1306 3695 1463 3757 vitiorum
1475 3693 1639 3774 recepit5).
1664 3693 1757 3768 Quae
1770 3712 1845 3756 cum
1857 3693 1903 3755 ita
1915 3693 2024 3765 sinte

212 3789 344 3854 Valerio
360 3793 540 3856 cuiuslibet
554 3794 699 3859 auctoris
710 3816 797 3877 opus
809 3797 1009 3878 excerpendi
1021 3817 1123 3862 causa
1136 3799 1173 3861 in
1188 3816 1307 3861 manus
1320 3803 1491 3879 sumptum
1503 3816 1577 3859 esse
1589 3796 1746 3860 credibile
1758 3816 1827 3859 non
1838 3801 1897 3860 est.
1919 3795 2022 3861 Immo

212 3894 307 3958 facile
319 3901 369 3958 est
380 3895 548 3960 intellectu
560 3898 653 3961 illum
670 3917 727 3962 eos
738 3901 832 3980 ipsos
845 3901 1021 3983 scriptores
1034 3901 1240 3976 adhibuisse,
1251 3901 1310 3983 qui
1322 3921 1376 3964 res
1388 3901 1431 3964 ad
1441 3901 1585 3964 eundem
1590 3901 1689 3963 finem
1695 3900 1879 3980 eodemque
1885 3901 2024 3964 consilio

368 4100 612 4175 bdthph

367 4187 613 4262 bdlhp&

367 4273 391 4344 )
418 4274 451 4333 cl.
470 4275 533 4333 Val.
551 4275 625 4332 Max.
644 4275 691 4334 lib.
709 4277 747 4346 11,
767 4283 781 4337 1
800 4295 925 4351 prooem.

368 4362 392 4433 )
421 4379 448 4419 v.
466 4362 530 4419 Val.
548 4362 621 4420 Max.
640 4361 758 4434 lib.1X,
777 4369 791 4423 1
810 4364 870 4420 init.

369 4447 391 4520 )
418 4447 502 4507 Ratio
523 4450 659 4506 virtutum
678 4453 708 4507 et
726 4449 860 4507 vitiorum
878 4449 914 4506 ad
933 4447 1145 4524 dispositionem
1164 4451 1272 4509 Valerii
1290 4453 1383 4526 operis
1402 4470 1533 4526 magnam
1553 4454 1609 4510 vim
1628 4451 1761 4510 habuisse
1780 4452 1900 4511 videtur.
1935 4453 2025 4510 Huius

214 4534 289 4589 enim
308 4532 442 4590 libromm
460 4537 538 4592 tertii
555 4553 645 4610 usqne
662 4535 699 4593 ad
716 4554 820 4594 nonum
838 4537 965 4594 ordinem
983 4554 1047 4593 eum
1065 4535 1159 4604 insse,
1178 4543 1210 4594 ut
1225 4539 1348 4610 priorem
1366 4539 1457 4596 locum
1470 4558 1504 4596 ea
1516 4557 1588 4612 quaa
1600 4538 1691 4611 laude,
1710 4541 1894 4612 posteriorem
1907 4556 1942 4596 ea
1953 4557 2026 4612 quae

214 4618 434 4692 reprehensione
450 4619 538 4694 digna
554 4624 612 4679 sint
629 4622 782 4694 obtineant,
800 4640 966 4696 persuasum
987 4622 1086 4680 habco.
1122 4623 1184 4681 Hoc
1201 4624 1247 4682 vel
1264 4624 1329 4682 inde
1348 4626 1446 4690 elucet,
1466 4625 1542 4699 quod
1559 4631 1657 4683 auctor
1675 4626 1818 4698 complura
1836 4626 1907 4682 vitia
1924 4627 1959 4682 in'
1969 4625 2024 4682 fine

214 4707 308 4779 operis
332 4706 464 4780 deinceps
485 4710 515 4764 in
537 4708 770 4767 deliberationem
788 4713 879 4767 vocat
897 4710 1062 4778 (Praeterea
1079 4711 1112 4766 ci
1130 4711 1189 4767 init.
1209 4712 1293 4783 capit.
1311 4711 1328 4769 l.
1347 4711 1397 4781 tv,
1415 4717 1444 4784 23
1464 4713 1481 4768 l.
1494 4711 1530 4784 V,
1547 4717 1576 4778 2
1596 4712 1615 4768 l.
1630 4711 1692 4784 Vll,
1710 4717 1740 4778 3
1758 4713 1775 4768 1.
1788 4711 1854 4782 VH,
1871 4716 1908 4783 4.)
1944 4711 2024 4769 Hanc

215 4811 284 4851 vero
303 4791 516 4866 dispositionem
540 4797 669 4855 omnibns
687 4797 816 4870 partibus
834 4799 927 4869 operis
945 4801 1075 4854 accurate
1093 4815 1150 4866 non
1167 4796 1309 4872 observat,
1327 4797 1378 4855 sed
1395 4798 1535 4856 nonnullis
1553 4798 1623 4856 locis
1642 4798 1678 4856 ab
1691 4816 1725 4856 ea
1737 4797 1866 4855 declinat
1885 4797 1929 4869 (ci.
1942 4796 2024 4866 1.111,

214 4887 233 4942 5
250 4885 280 4938 et
295 4885 327 4946 cr
344 4879 410 4947 tv,
428 4887 446 4941 2
463 4888 531 4952 et3,
548 4882 613 4956 lV,
631 4889 649 4944 6
667 4889 696 4941 et
761 4884 778 4941 l.
791 4883 844 4956 VI,
861 4888 879 4943 9
897 4888 927 4941 et
943 4883 962 4941 1.
975 4883 1041 4954 Vll,
1059 4885 1096 4953 1.)
1129 4883 1228 4956 Neque
1246 4886 1338 4941 minus
1355 4890 1433 4942 reete
1451 4887 1578 4943 conicere
1596 4884 1666 4942 mihi
1683 4883 1783 4942 videor
1802 4883 1915 4941 Valerio
1933 4885 2025 4956 primo

216 4969 393 5041 propositum
411 4969 497 5026 foisse
515 4968 594 5026 libris
611 4969 751 5027 lH-VII
773 4969 901 5043 exempla
924 4969 1077 5028 secundum
1095 4968 1222 5027 ordinem
1239 4971 1434 5044 principalium
1453 4973 1599 5042 virtutum,
1620 4970 1799 5042 fortitudinis,
1816 4968 2027 5039 moderationis,

216 5055 351 5124 institiae,
370 5054 544 5128 prudentiae,
563 5055 700 5129 digerere.
736 5057 831 5129 Atque
848 5055 923 5114 hnnc
940 5055 1065 5114 ordinem
1083 5056 1163 5113 illum
1180 5058 1236 5114 iam
1254 5058 1283 5113 in
1301 5057 1372 5116 libro
1391 5057 1625 5116 collectaneorum
1644 5057 1776 5114 statuisse
1793 5056 1862 5113 mihi
1879 5055 2026 5129 probabile

217 5145 272 5210 est,
288 5141 412 5220 idfqaod
430 5141 517 5202 aruis
536 5143 711 5220 argumentis
730 5142 915 5215 comprobare
933 5142 1017 5204 huius
1034 5143 1087 5202 loci
1105 5159 1160 5200 non
1179 5147 1230 5202 est
