4440 5674
1041 235 1253 313 -197-

244 437 292 497 τδν
310 439 475 510 ὑπασπιστὴν
493 437 738 516 προσκαλεσάμενος
755 437 918 514 ἐπηρώτησεν
1171 453 1299 494 recreare
1317 453 1348 493 se
1367 439 1500 493 conantes
1520 476 1812 493 ............
1830 436 2026 509 interrogavit,

245 526 453 596 ἀναβαηαᾶπων
470 527 564 582 111ον
576 524 717 596 παρόντων
734 528 829 596 φίλων,
848 531 895 582 καί
912 546 984 587 τινας
1002 523 1120 585 εἰπόντας
1172 520 1249 590 Quae
1273 527 1421 596 postquam
1446 541 1481 580 ex
1503 522 1590 578 animi
1611 523 1753 579 sententia
1774 523 1902 594 conperit
1919 523 1952 580 st
1970 536 2049 592 quas

244 609 285 669 im
301 613 418 674 τελευτᾶς
436 612 553 683 ἄτεκνος,
565 611 785 685 Ἐπαμεινώιαῖα,
803 615 850 667 καὶ
868 610 1056 684 δακρύσαντος,
1172 611 1437 680 obtenturosque
1455 610 1494 666 ad
1513 607 1634 666 liberata
1652 613 1702 666 est.

398 718 523 782 Harum
550 719 693 800 priorem
716 738 759 806 ex
781 718 892 781 studio
914 717 1112 780 narrationis
1135 718 1329 780 coartandae
1357 722 1459 780 ortam
1483 737 1557 780 esse
1579 717 1662 780 mihi
1689 717 1856 799 probetur.
1898 715 2050 780 Indidem

245 821 380 884 omnino
412 822 645 886 deducendum
679 840 753 884 csse
786 822 912 903 opinor,
946 821 1038 900 quod
1064 820 1218 883 Valerius
1246 820 1415 894 nonnulle,
1442 839 1528 900 quae
1555 821 1592 883 in
1618 819 1707 883 fonte
1735 819 1889 901 repperit,
1918 819 2050 883 silentio

245 926 420 1006 praeteriit.
476 925 639 1003 Quamvis
673 945 752 989 vero
785 927 842 989 hic
875 945 951 988 oum
984 924 1130 987 Diodoro
1164 924 1349 998 conveniat,
1384 929 1494 988 tamen
1526 923 1720 988 Ciceronem
1752 924 1793 987 ab
1821 943 1860 988 eo
1886 926 1923 986 in
1949 943 2049 987 usum

246 1047 444 1094 conversum
465 1048 534 1092 non
556 1047 629 1091 esse
664 1027 862 1092 contendere
895 1028 1008 1091 nolim.
1064 1027 1151 1091 Huic
1179 1027 1267 1091 enim
1295 1028 1477 1092 sententiae
1503 1026 1540 1090 id
1567 1028 1778 1109 potissimum
1807 1027 1924 1102 obstet,
1958 1028 2051 1106 quod

246 1131 416 1195 Ciceronis
439 1136 471 1196 et
491 1131 616 1195 Valerii
638 1132 741 1195 verba
761 1133 857 1196 haee:

245 1251 395 1323 quaesivit,
412 1249 544 1307 salvusne
562 1255 640 1307 esset
656 1249 770 1324 clipeus.
1174 1249 1296 1322 primum
1314 1265 1350 1305 an
1368 1248 1483 1321 clypeus
1501 1265 1568 1305 suus
1590 1247 1685 1306 salvus
1704 1251 1788 1317 esset,

244 1337 366 1410 rogarit,
386 1341 517 1393 essentne
535 1335 589 1392 fusi
606 1335 713 1394 hostes.
1175 1334 1276 1392 deinde
1295 1351 1331 1392 an
1342 1335 1455 1408 penitus
1468 1334 1522 1391 iusi
1535 1335 1631 1392 hostes
1642 1334 1734 1391 forent
1746 1335 1941 1408 interrogavit.

245 1422 328 1480 evelli
346 1423 430 1480 iussit
447 1441 518 1494 eam,
537 1441 595 1497 qua
611 1428 674 1481 erat
691 1422 850 1493 transfixus,
868 1421 987 1480 hastam.
1174 1421 1199 1477 Ε
1217 1439 1335 1494 corpore
1353 1419 1455 1480 deinde
1473 1439 1524 1478 suo
1541 1421 1652 1478 hastam
1673 1418 1753 1478 educi
1770 1421 1853 1477 iussit

245 1531 411 1594 artissimo
434 1530 569 1595 vinculo
591 1532 677 1594 inter
703 1549 739 1594 se
767 1529 942 1594 cohaerere
968 1529 1133 1594 videntur.
1179 1528 1343 1605 Quocirca
1369 1549 1389 1594 e
1410 1530 1543 1593 Valerio
1569 1530 1605 1592 in
1633 1530 1905 1593 collectaneorum
1928 1527 2051 1592 librum

246 1640 278 1698 ct
300 1633 471 1698 Ciceronis
494 1639 526 1698 01
546 1633 687 1698 Diodori
708 1635 819 1697 locum
840 1639 1009 1714 receptum
1032 1654 1105 1698 esse
1128 1640 1228 1714 atque
1249 1634 1342 1698 illius
1363 1634 1466 1698 rerba
1487 1633 1595 1716 magis
1623 1631 1666 1696 ad
1692 1632 1835 1714 priorem
1862 1638 1988 1714 partem
2014 1633 2051 1695 11

245 1739 397 1820 exemplo
430 1739 625 1811 enarrando,
658 1737 762 1801 huius
795 1744 905 1801 autem
931 1739 1039 1820 magis
1066 1739 1108 1802 ad
1135 1738 1350 1820 posteriorem
1377 1739 1526 1802 adhibita
1553 1757 1627 1800 esse
1654 1736 1803 1800 arbitror.
1852 1734 1927 1813 Qua
1952 1736 1989 1799 11
2015 1756 2050 1800 10

243 1841 429 1924 1101111101)
459 1842 636 1915 assentior,
670 1841 829 1905 adversor
860 1840 1107 1920 Gollmannioi).
1167 1841 1225 1905 lile
1257 1842 1346 1906 enim
1377 1841 1539 1904 1001000
1566 1841 1717 1905 diversos
1748 1839 1855 1903 fontes
1887 1840 2051 1922 expilatos

244 1965 318 2010 esse
340 1946 420 2008 inde
442 1963 599 2026 apparere
622 1945 778 2026 disputat,
801 1943 893 2024 quod
915 1945 1071 2008 ultimum
1092 1945 1176 2009 iliud
1191 1945 1443 2026 Epaminondae
1459 1945 1585 2008 dictum
1600 1964 1618 2008 0
1634 1944 1785 2009 credibili
1800 1948 1833 2008 et
1849 1963 1925 2007 vero
1940 1964 2050 2007 rerum

244 2070 335 2114 nexu
356 2050 518 2113 violenter
539 2055 731 2130 exemptum
754 2050 835 2113 satie
858 2049 1000 2113 ridicule
1022 2069 1098 2113 cum
1121 2051 1196 2112 eliis
1219 2050 1390 2113 morientis
1412 2047 1661 2131 Epaminondae
1683 2047 1796 2112 verbis
1819 2049 2050 2130 conectaturi).

245 2154 335 2231 Quid
358 2174 436 2218 vero
459 2154 501 2217 de
523 2153 670 2235 Kempfii
692 2159 888 2236 argumento
910 2154 1062 2228 sentiam,
1086 2153 1185 2235 paulo
1208 2154 1294 2216 inira
1317 2154 1557 2217 demonstrabo.

399 2257 607 2321 Oollmdnnio
623 2262 733 2321 autem
748 2258 937 2339 exemplum
953 2256 1076 2321 Valerii
1091 2277 1160 2320 non
1174 2259 1220 2321 ita
1234 2263 1458 2339 comparatum
1472 2257 1608 2322 videtur
1622 2276 1706 2330 esse,
1722 2261 1758 2320 ut
1773 2256 1852 2319 inde
1867 2256 2050 2320 Diodorum

245 2363 286 2425 ab
309 2361 365 2425 illo
388 2363 523 2425 omnino
545 2367 732 2442 respectum
755 2380 830 2423 esse
852 2361 1058 2444 colligemus.
1093 2360 1157 2424 Oui
1179 2379 1382 2442 quamquem
1396 2361 1479 2424 haec
1492 2362 1596 2425 verba
1609 2361 1861 2443 Epaminondae
1876 2360 2051 2424 Valeriana

249 2466 355 2542 „Non
381 2465 502 2528 finis“
527 2466 674 2546 inquit,
701 2465 1026 2540 „conmilitones“
1053 2469 1085 2528 et
1106 2484 1193 2545 quae
1215 2471 1373 2529 secuntur
1395 2464 1568 2544 usquead
1599 2465 1791 2540 „liberata
1817 2469 1898 2528 est“
1924 2483 1992 2526 non
2014 2465 2051 2526 in

243 2569 383 2632 Diodori
404 2569 605 2633 bibliotheca
627 2588 701 2633 esse
723 2570 878 2642 concede,
902 2573 1011 2632 tamen
1032 2587 1146 2633 eorum
1173 2569 1386 2650 posteriorem
1409 2573 1535 2650 partem
1557 2568 1637 2632 inde
1659 2586 1679 2631 a
1705 2567 1881 2644 „Thebes
1903 2567 2047 2631 111011ιι

243 2692 352 2753 usque
378 2674 421 2737 sd
447 2673 639 2748 „liberata
666 2678 747 2736 est“
773 2692 817 2736 ex
837 2672 940 2735 huius
963 2673 1159 2748 narratione,
1186 2690 1272 2752 quae
1295 2674 1366 2736 1000
1389 2672 1485 2735 allato
1510 2672 1619 2736 statim
1647 2672 1805 2746 succedit,
1832 2674 1984 2735 haustam
2007 2672 2050 2734 ad

244 2794 339 2839 suam
361 2777 556 2839 sententiam
581 2776 722 2840 finxisse
741 2781 840 2858 atque
860 2777 1045 2840 inseruisse
1064 2777 1233 2840 Valerium
1253 2795 1450 2858 persuasum
1470 2775 1586 2840 habeo.
1633 2775 1670 2838 Si
1692 2796 1771 2840 vero
1796 2775 1887 2839 hunc
1912 2775 2051 2839 Diodori

244 2879 346 2943 verba
378 2879 414 2942 11
446 2899 546 2943 nsum
574 2882 748 2944 vacavisse
781 2881 961 2961 quominus
989 2885 1081 2963 putet
1109 2879 1315 2944 Gollmannio
1344 2881 1488 2962 primum
1516 2881 1554 2943 id
1581 2880 1711 2944 obstare
1737 2880 1880 2954 videtur,
1914 2879 2006 2958 quod
2032 2897 2052 2941 a

244 2980 376 3047 Valerio
403 2984 547 3066 longiori
573 2985 755 3048 narrationi
780 2985 880 3048 finem
907 2985 971 3048 0110
999 2986 1158 3074 exiente
1185 2985 1324 3066 petitum
1350 2983 1516 3047 adiectum
1543 3002 1618 3047 esse
1646 3002 1763 3064 parum
1788 2983 2049 3056 verisimilem,

243 3087 300 3150 1110
322 3089 475 3171 ignorare
496 3089 722 3168 videturque
743 3089 870 3152 ratione
885 3089 1037 3151 Valerius
1060 3089 1209 3151 fontibus
1232 3089 1304 3151 suis
1326 3107 1411 3150 usus
1432 3088 1484 3151 sit.
1517 3087 1603 3151 Nam
1619 3088 1781 3168 permulta
1796 3093 1874 3150 sunt
1888 3090 2049 3170 exempla,

244 3192 369 3271 quibus
395 3193 486 3255 hunc
512 3193 548 3254 in
574 3212 642 3254 uno
670 3191 821 3273 exemplo
848 3192 1047 3271 exponendo
1075 3192 1187 3272 plures
1220 3195 1370 3254 auctores
1404 3191 1614 3255 consuluisse
1642 3196 1674 3255 et
1700 3192 1820 3273 pannis
1847 3191 2050 3271 quibusdam

243 3293 421 3375 purpureis
447 3295 600 3373 undique
627 3295 756 3358 collatis
783 3293 917 3357 dicendi
944 3312 1052 3377 genus
1078 3295 1293 3358 exornavisse
1316 3295 1398 3357 satis
1420 3295 1639 3361 confirmetur.
1684 3297 1752 3360 Iam
1774 3315 1853 3359 vero
1876 3293 2050 3358 Oollmann

243 3418 286 3461 ne
312 3399 512 3478 respondere
538 3397 675 3478 quidem
697 3397 823 3461 Valerii
848 3397 950 3462 verba
974 3397 1151 3461 Diodoreis
1174 3399 1353 3472 contendit,
1382 3418 1455 3462 oum
1483 3401 1573 3481 apud
1594 3400 1779 3464 Diodorum
1800 3399 2050 3480 Epaminondas

244 3501 360 3575 emico,
394 3501 485 3581 quod
513 3501 569 3565 ille
596 3499 734 3574 ἄτεκνος
760 3503 926 3574 moriatur,
955 3501 1109 3582 querenti
1135 3502 1272 3565 minime
1301 3521 1338 3565 se
1366 3502 1440 3566 sine
1464 3502 1580 3566 liberis
1608 3504 1693 3567 mori
1718 3504 1924 3584 respondeat,
1959 3505 2050 3584 apud

242 3604 411 3668 Valerium
439 3612 549 3668 autem
575 3605 825 3687 Epaminondas
852 3623 932 3668 sane
960 3624 997 3668 se
1023 3605 1141 3668 orbum
1168 3606 1252 3668 mori
1281 3606 1447 3670 concedet.
1493 3607 1561 3670 Sed
1586 3627 1629 3670 ne
1655 3608 1719 3670 hoe
1745 3607 1881 3686 quidem
1903 3611 1991 3671 recte
2014 3627 2050 3669 se

242 3707 352 3772 habet.
396 3707 507 3786 Quid?
540 3710 650 3774 Verba
675 3714 922 3786 „nontamen
945 3710 1030 3774 sine
1052 3709 1194 3774 liberis
1218 3710 1395 3785 morior“‚
1418 3729 1505 3790 quae
1520 3710 1576 3773 ille
1590 3712 1767 3794 neglegere
1781 3710 1922 3786 videtur,
1938 3729 2050 3774 nonne

244 3813 366 3893 optime
388 3813 431 3876 ad
453 3813 620 3877 Diodorea
642 3813 825 3892 quadrant?

398 3915 598 3981 Collmannii
624 3917 729 3998 igitur
755 3917 920 3981 sententie
945 3918 1084 3981 refutata
1110 3919 1209 3982 redeo
1237 3919 1281 3982 ad
1301 3918 1502 3999 1101111111,
1527 3918 1586 3999 qui
1608 3918 1698 3982 dioto
1719 3917 1777 3981 illo
1799 3917 2050 3999 Epaminondae

243 4021 481 4085 sententiarum
496 4040 631 4094 nexum,
646 4040 746 4101 quem
761 4022 930 4086 Diodorus
953 4040 1034 4084 sane
1055 4021 1183 4083 ultimis
1204 4021 1317 4084 verbis
1339 4020 1421 4084 haec
1440 4019 1722 4107 „dvadopodvrmr
1745 4020 1780 4087 δὲ
1805 4022 1891 4087 τῶν*
1918 4027 1949 4085 01
1964 4041 2050 4102 quae

244 4144 309 4188 seo.
336 4143 545 4206 praeponens
570 4125 763 4206 respexerit,
792 4125 904 4189 dirimi
931 4129 1034 4205 putat.
1084 4122 1247 4199 Querellis
1275 4125 1364 4188 enim
1390 4125 1489 4188 amici
1511 4125 1697 4199 cuiusdam
1725 4127 1816 4206 quod
1837 4124 1960 4188 liberos
1982 4147 2050 4190 non

243 4228 457 4308 relinqueret,
484 4229 727 4310 praetermissis
754 4230 865 4309 inepte
891 4228 995 4292 verbo
1025 4235 1226 4308 „qucque¹‘
1257 4228 1425 4310 prioribus
1453 4229 1594 4310 adiungi
1621 4247 1708 4309 quae
1734 4229 1871 4294 minime
1898 4250 1973 4293 cum
2000 4232 2050 4294 eis

244 4333 440 4396 cohaereant
466 4333 522 4396 ille
545 4333 722 4396 existimat.
769 4332 946 4411 Equidem,
980 4336 1018 4395 ut
1049 4337 1161 4395 contra
1192 4331 1383 4414 Kempiium
1417 4331 1535 4406 dicam,
1569 4332 1681 4396 minus
1713 4333 1815 4396 verbo
1845 4341 2047 4413 „quoque“

243 4435 393 4500 offendor
419 4454 519 4517 quam
547 4437 704 4500 omnibus
730 4436 854 4499 Valerii
882 4435 1004 4509 verbis,
1034 4455 1121 4515 quse
1147 4435 1225 4500 inde
1254 4435 1296 4498 ab
1327 4433 1433 4510 „Non
1459 4435 1579 4499 tinis“
1609 4457 1718 4517 usque
1745 4438 1788 4499 ad
1818 4437 2047 4517 „relinquo“

242 4540 417 4620 pertinent.
462 4537 555 4616 Quid
577 4559 655 4602 vero
677 4540 835 4602 hocloco
858 4539 925 4603 0111
947 4539 1028 4603 velit
1050 4538 1248 4602 vocabulum
1275 4545 1459 4618 „quoque¹‘‚
1475 4538 1650 4622 Kempfius
1672 4561 1740 4604 non
1759 4545 1845 4603 recte
1860 4542 2051 4622 percepisse

242 4641 326 4705 mihi
356 4642 499 4706 videtur.
544 4642 618 4706 Mea
645 4643 781 4723 quidem
809 4643 972 4707 sententia
1002 4647 1205 4723 „quoque“
1235 4641 1293 4705 hio
1320 4642 1408 4705 idem
1436 4643 1603 4726 significat
1637 4649 1735 4725 atque
1765 4644 1887 4720 „adde
1909 4645 2048 4724 quod“‚

243 4795 658 4809 m*

398 4861 421 4934 ¹)
450 4861 484 4920 ci.
501 4862 546 4922 ll
565 4867 646 4937 122,

397 4947 421 5022 ¹)
450 4948 749 5022 0111158159.

398 5034 420 5104 ⁸)
449 5034 529 5093 Idem
548 5034 584 5092 de
601 5034 733 5094 hocloco
751 5035 879 5094 11111011
897 5037 989 5110 (otlr
1015 5029 1094 5097 Uber
1112 5037 1157 5095 die
1176 5035 1291 5105 Queilen
1310 5036 1360 5095 des
1378 5035 1488 5112 'irogus
1508 5035 1660 5110 Pompsjus
1678 5035 1722 5094 111
1740 5036 1785 5095 die
1800 5037 1977 5112 griechische
1993 5038 2050 5096 nnd

244 5120 385 5178 sioilische
403 5119 582 5181 Geschichts.
609 5121 799 5196 Dorpat1880
817 5142 843 5197 p.
857 5125 920 5194 110)
938 5125 1033 5196 sentit,
1051 5123 1102 5183 sed
1114 5126 1199 5184 certis
1216 5125 1390 5198 argumentis
1408 5141 1464 5180 nou
1481 5122 1583 5182 firmat.

1688 5227 1724 5286 θ’
