4440 5674
972 165 1182 228 ..g-

176 373 285 435 animo
308 371 438 443 habeat,
465 375 503 433 ιιι
524 389 588 444 ιιι,
612 388 699 449 quae
721 369 757 430 in
779 369 868 431 lente
891 373 1007 445 exstat,
1042 373 1198 451 quamvis
1221 377 1416 455 argumento
1450 377 1560 436 tamen
1585 371 1689 436 forma
1722 378 1799 454 apta
1835 393 1903 438 non
1931 375 1984 441 sit

175 475 266 553 Quid
288 476 410 538 mirum
443 475 556 553 igitur,
591 473 683 552 quod
705 477 775 535 tum
798 472 952 537 Valerius
975 476 1119 539 auctoris
1141 496 1267 540 nexum
1288 477 1467 541 verborum
1490 475 1544 540 vel
1576 475 1719 559 negligit
1739 477 1794 541 vel
1816 478 1860 541 ad
1883 497 1982 542 suum

175 580 279 643 finem
302 577 540 656 conformatil)

328 682 419 745 Hace
457 682 570 745 omnia
606 680 901 746 animadvertenda
927 688 1006 747 sunt
1032 684 1069 746 in
1090 684 1173 750 locis
1195 686 1335 751 Diodori
1358 690 1391 749 et
1411 685 1536 750 Valerii
1559 685 1807 768 comparandis,
1834 686 1871 750 id
1894 687 1987 768 quod

176 806 267 852 nunc
289 791 507 867 suscepturus
531 805 616 850 sum.

330 890 540 971 Comparatio
556 895 665 952 autem
680 889 726 952 ita
741 890 943 966 instituatur,
958 897 997 955 ut
1011 894 1157 973 primum
1172 892 1214 957 de
1229 893 1279 955 eis
1294 892 1377 956 locis
1390 911 1496 975 agam,
1513 893 1631 973 quiite
1641 893 1727 956 inter
1738 912 1775 956 se
1787 899 1985 976 oongmunt

175 999 214 1057 ut
235 993 420 1058 Diodorum
441 993 567 1056 Valerii
593 999 760 1058 auctorem
787 1014 862 1059 esse
884 997 1100 1077 perspicuum
1128 997 1185 1071 sit,
1220 1003 1258 1060 ut
1279 1002 1349 1060 tum
1372 1016 1411 1060 ea
1433 997 1586 1078 exempla
1606 997 1710 1060 huius
1733 997 1876 1072 efferam,
1900 1017 1987 1079 quae

177 1099 331 1178 quamvis
354 1098 411 1161 alii
434 1098 611 1178 scriptores
633 1097 835 1178 respiciendi
859 1099 935 1173 sint,
959 1104 1069 1164 tamen
1091 1101 1270 1164 admodum
1292 1101 1509 1182 probabiliter
1531 1099 1573 1163 ad
1594 1101 1690 1165 illum
1710 1102 1824 1165 referri
1847 1101 1986 1182 possint,

176 1207 213 1264 ut
235 1207 400 1282 postremo
428 1201 604 1274 disseram,
632 1220 719 1280 quae
742 1203 894 1284 exempla
919 1208 1031 1267 utrum
1058 1223 1076 1266 e
1097 1203 1237 1267 Diodori
1259 1203 1462 1269 bibliotheca
1483 1207 1604 1269 hausta
1626 1206 1695 1268 sint
1715 1225 1820 1269 necne
1843 1205 1986 1270 dubitas.

329 1304 384 1366 Ex
402 1305 450 1367 eis
470 1303 643 1384 exemplis,
660 1323 747 1384 quae
765 1303 913 1369 Diodoro
932 1307 1060 1371 auctori
1080 1308 1154 1371 sine
1174 1308 1242 1372 ulla
1261 1307 1469 1372 dubitatione
1483 1309 1628 1384 vindico,
1649 1310 1756 1391 primo
1771 1309 1843 1372 loco
1858 1310 1988 1390 profero

178 1407 367 1488 exemplum
388 1405 442 1480 III,
467 1407 500 1480 1,
529 1411 593 1470 ext.
618 1408 651 1480 1,
680 1426 748 1487 quo
774 1410 887 1490 agitur
912 1410 953 1472 de
976 1409 1088 1474 indole
1110 1410 1297 1476 Alcibiadis
1320 1414 1425 1492 pueri,
1449 1413 1547 1476 ouius
1571 1413 1711 1476 consilio
1733 1412 1880 1477 Pericles
1902 1433 1987 1478 usus

178 1517 237 1575 est.
271 1512 342 1575 Hoc
364 1511 534 1574 Valerium
557 1532 600 1574 ex
620 1512 824 1576 bibliotheca
845 1512 937 1576 illius
959 1512 1208 1595 deprompsisse
1231 1515 1354 1596 optime
1369 1535 1562 1598 cognoscas,
1586 1517 1616 1579 si
1631 1517 1771 1580 Diodori
1785 1518 1896 1581 locum
1911 1536 1987 1580 cum

178 1616 330 1697 exemplo
354 1616 594 1696 composueris:

471 1730 551 1790 Diod.
566 1731 621 1790 Sic.
635 1731 701 1806 XII,
719 1737 761 1792 38.
1339 1735 1403 1794 Vel.
1422 1736 1496 1794 Max.
1514 1737 1568 1808 111,
1586 1743 1610 1808 1,
1629 1742 1684 1794 ext.
1704 1735 1756 1810 1²).

243 1837 382 1906 Ἀθηναῖοι
391 1875 472 1894 .....
480 1835 513 1893 τύ
531 1842 560 1892 ἐν
578 1839 653 1910 Δήλῳ
671 1839 746 1912 κοινῇ
763 1841 917 1912 συνηγμένα
931 1837 1059 1914 χρήματα

180 1966 187 1980 .
201 1965 208 1979 .
220 1965 227 1980 .
238 1923 420 1999 ,μετήνεγκαν
434 1929 472 1986 εἷς
487 1923 536 1987 uic
550 1922 665 1991 Ἀθηνας
682 1926 729 1979 καλ
746 1927 906 1998 παρέδωκαν
918 1923 1060 1994 ουλύττειν

180 2015 311 2087 Περικλεῖ.
334 2001 408 2073 ούτος
423 2012 449 2064 c'
470 2006 502 2078 ἦν
518 2011 637 2084 εύγενεύρ
648 2012 695 2066 κού
707 2009 769 2084 ’ύύξη
781 2013 828 2066 καλ
839 2010 920 2083 λύγου
932 2009 1060 2078 δεινότητι

180 2096 246 2154 πολύ
263 2102 386 2173 προέχων
403 2097 456 2154 τῶν
469 2098 592 2154 πολιτῶν.
610 2095 681 2171 pant
694 2098 723 2154 δι’
733 2118 795 2153 τινα
804 2095 907 2174 χρόνον
918 2095 1060 2166 ἁνηλοιιιιύς

180 2183 226 2241 ἀπ’
256 2184 345 2242 αύτῶν
373 2185 430 2256 λιλύηι
460 2184 560 2251 πλῆθος
591 2183 686 2240 λυανύν
714 2183 873 2259 χρημάτων,
902 2187 949 2242 xci
979 2183 1061 2258 λύγον

180 2269 382 2342 ἀπαιτούμενος,
405 2274 442 2332 εἷς
458 2270 610 2346 ἀρρωστίαν
632 2274 760 2342 ἐνέπεσεν,
782 2271 814 2327 ού
836 2270 985 2344 δυνάμενος
1006 2271 1060 2327 τῶν

180 2360 395 2429 πεπιστευμένων
413 2357 560 2412 ύποιλούνυι
577 2355 624 2411 riv
647 2351 841 2429 ύπολογισμύν.
865 2357 1061 2431 ἀδημονοῦντος

181 2444 207 2496 c'
226 2443 308 2498 αύιού
329 2445 390 2516 περὶ
412 2440 511 2497 τούτων
524 2441 691 2511 Ἁλκιβιάδης
708 2443 734 2495 0'
755 2443 920 2512 ἀδελφιδοῦς,
943 2440 1060 2516 deperio
1182 2485 1294 2502 .....
1311 2443 1472 2504 Alcibiades
1490 2445 1537 2504 illc
1560 2487 1567 2508 ,
1591 2490 1597 2504 .
1617 2487 1623 2502 .
1643 2489 1649 2502 .
1668 2488 1675 2503 .
1693 2489 1700 2503 .
1720 2487 1726 2502 .
1745 2489 1751 2504 .
1771 2489 1803 2504 ..
1828 2487 1837 2505 .
1860 2487 1867 2502 .
1890 2487 1897 2502 .
1921 2491 1928 2505 .
1952 2489 1960 2504 .
1983 2488 1990 2504 .

182 2529 221 2586 ὢν
241 2530 404 2606 τρεφόμενοι
426 2528 485 2602 παρ’
489 2528 567 2603 αύτῷ,
589 2535 653 2592 παῖς
677 2529 715 2584 ὢν
736 2528 784 2597 τὴν
802 2529 915 2598 ἡλικίαν,
933 2528 1060 2602 ύοορμύν
1112 2551 1174 2590 cum
1192 2530 1284 2588 adhue
1300 2548 1372 2603 puer
1387 2531 1423 2588 ad
1435 2531 1562 2589 Periclen
1579 2531 1746 2588 avunculum
1765 2549 1846 2588 suum
1865 2534 1992 2592 venisset

183 2617 253 2691 αύτῷ
264 2622 409 2690 παρέσχετο
420 2617 464 2684 τῆς
475 2619 535 2692 περὶ
547 2616 601 2671 τῶν
610 2614 760 2690 χρημάτων
772 2617 926 2689 ἀπολογίας·
948 2615 1059 2689 θεωρῶν
1112 2636 1232 2692 eumque
1249 2621 1359 2674 secreto
1376 2619 1487 2675 tristem
1500 2617 1646 2675 sedentem
1657 2617 1784 2688 vidisset,
1801 2617 1991 2690 interrogavit

181 2703 236 2779 γὰρ
252 2702 300 2760 riv
315 2709 388 2759 θεῖον
406 2701 573 2774 λυπούμενον
584 2702 729 2778 ἐπηρώτησε
742 2701 790 2772 τῆν
803 2707 894 2758 αἰτίαν
904 2703 949 2769 τῆς
960 2700 1058 2770 λύπης·
1112 2704 1180 2779 quid
1196 2706 1238 2761 ita
1255 2709 1364 2760 tantam
1381 2705 1411 2760 in
1429 2703 1509 2761 vultu
1527 2705 1718 2762 confusionem
1736 2709 1858 2777 gereret.
1885 2704 1925 2760 At
1941 2702 1989 2760 ilio

181 2791 228 2848 τοῦ
254 2791 283 2845 δὲ
309 2792 465 2865 Περικλέους
491 2787 608 2850 εἰπόντος
627 2787 665 2844 ὅτι
691 2787 739 2857 τὴν
765 2791 825 2864 περὶ
842 2788 896 2844 τῶν
910 2787 1060 2862 χρημάτων
1112 2792 1222 2850 dicente
1239 2791 1374 2849 mandatu
1392 2808 1423 2848 se
1442 2791 1565 2846 civitatis
1582 2790 1737 2864 propylaea
1749 2790 1903 2862 Minervae,
1916 2806 1988 2863 quac

183 2877 333 2949 ductarier
355 2875 511 2949 αἰτούμενος
535 2876 600 2943 ζητῶ
621 2875 678 2937 πῶς
700 2875 737 2930 ἂν
754 2875 890 2948 ύυνυύμην
912 2875 1060 2932 ἀποδοῦναι
1113 2885 1179 2937 sunt
1189 2880 1291 2936 ianuae
1307 2878 1387 2950 arcis,
1407 2875 1570 2934 aedificasse
1589 2883 1810 2951 consumptaque
1827 2879 1857 2934 in
1873 2876 1903 2934 id
1919 2894 1991 2950 opus

182 2962 229 3019 τύν
249 2965 309 3039 περὶ
332 2961 432 3018 τούτων
449 2960 530 3035 λύγον
546 2967 600 3024 τοῖς
617 2964 744 3027 πολίταις,
768 2961 966 3029 δ’Λλκιύιύύιι
983 2965 1060 3031 laqus
1112 2963 1989 3040 ingentipecunianoninvenIrequopaetossministeriirationem

184 3137 302 3210 ύπούρύ.
325 3135 416 3212 ύιύπιρ
438 3136 566 3211 Περικλῆς
597 3133 792 3207 ἀποδεξάμενοι
817 3135 864 3203 riv
894 3137 940 3193 τού
966 3137 1062 3200 nordio
1113 3141 1207 3213 potius
1218 3137 1454 3212 quemadmodum
1463 3139 1602 3196 rationem
1613 3157 1669 3196 non
1682 3137 1810 3196 reddes“.
1837 3137 1994 3211 Itaquevir

184 3221 323 3294 ἀπύροισιν
339 3221 436 3292 ύζὴτησε
454 3223 488 3276 ύι’
506 3217 537 3277 ού
556 3220 654 3296 τρύπου
665 3219 725 3284 τούς
743 3227 895 3289 Αύηνοιύους
912 3222 1013 3279 δύναιτ’
1027 3223 1062 3279 ἂν
1116 3225 1304 3295 amplissimus
1330 3229 1360 3282 ct
1385 3224 1622 3298 prudentissimus
1648 3243 1700 3282 suo
1728 3225 1843 3282 oonsilio
1867 3223 1993 3282 defectus

183 3313 360 3381 ἕμριιλεῖνελς
370 3313 460 3382 μέγαν
471 3305 682 3382 πύλεμον.ούτω
694 3306 748 3382 yde
760 3307 878 3381 μάλιστα
891 3308 1061 3383 ύπελύμβανε
1114 3311 1216 3385 puerili
1233 3329 1301 3369 usus
1320 3316 1467 3384 astatque
1485 3310 1515 3367 id
1533 3313 1601 3384 agii,
1619 3315 1652 3368 ut
1669 3311 1856 3369 Athenienses
1873 3309 1993 3368 finitimo

185 3393 232 3451 aad
253 3393 302 3465 τὴν
323 3393 444 3470 παροχῆν
465 3397 512 3451 καλ
535 3392 596 3456 τούς
616 3395 660 3461 τῆς
681 3393 782 3456 πόλεως
798 3394 998 3470 περισπασμούς
1016 3399 1062 3452 καὶ
1114 3397 1240 3470 inplicati
1254 3396 1328 3455 bello
1342 3396 1500 3454 rationibus
1511 3398 1656 3472 exigendis
1666 3402 1866 3455 convacarent
1883 3434 1992 3453 .....

186 3481 282 3554 addere
299 3480 472 3553 ἐκφεύξεσθαι
488 3478 535 3536 τύν
552 3481 648 3555 ἀκριβῆ
665 3479 745 3554 λύγον
761 3479 816 3535 τῶν
829 3480 988 3554 χρημάτων.

339 3587 377 3651 In
398 3588 538 3651 Diodori
561 3593 593 3651 et
612 3587 736 3650 Valerii
758 3589 986 3663 relationibus,
1011 3592 1166 3670 quamvis
1189 3597 1222 3654 et
1242 3590 1344 3653 rebus
1368 3595 1401 3652 et
1414 3588 1528 3652 verbis
1543 3589 1581 3651 in
1594 3589 1791 3650 universum
1806 3589 1991 3660 concinant,

186 3700 296 3758 tamen
322 3713 449 3774 paucae
477 3692 719 3773 discrepantiae
749 3698 935 3756 occurrunt.
983 3693 1041 3756 Ille
1069 3694 1157 3757 enim
1184 3699 1296 3756 narrat
1319 3691 1480 3757 Periclem
1507 3711 1662 3774 magnam
1691 3697 1817 3773 partem
1844 3692 1993 3755 thesauri

186 3798 314 3878 publici
337 3798 380 3860 ad
401 3817 454 3860 res
475 3797 632 3878 privatas,
655 3797 711 3860 hio
726 3797 841 3877 populi
856 3797 955 3860 iussu
976 3797 1146 3878 ingentem
1162 3799 1338 3877 pecuniam
1354 3797 1395 3860 ad
1411 3796 1591 3878 propylaea
1605 3797 1773 3860 Minervae
1789 3796 1995 3860 aedificanda

187 3903 447 3982 consumpsisse,
470 3906 507 3965 ut
530 3901 696 3982 quomodo
718 3903 878 3964 rationem
901 3901 1053 3965 redderet
1074 3902 1245 3983 explorare
1260 3900 1423 3980 nequiret.
1457 3901 1521 3963 Hic
1542 3921 1621 3964 vero
1638 3901 1813 3964 dissensus
1828 3901 1913 3964 mihi
1927 3920 1995 3963 non

187 4011 252 4068 tam
276 4005 390 4086 gravis
412 4005 545 4068 videtur
573 4025 661 4078 esse,
689 4026 732 4068 ex
753 4026 821 4086 quo
843 4004 1028 4069 Diodorum
1050 4004 1174 4068 Valerii
1203 4010 1369 4068 auctorem
1396 4024 1464 4068 non
1492 4023 1566 4066 esse
1588 4005 1751 4087 colligam.
1795 4003 1880 4066 Nam
1902 4003 1995 4066 haud

187 4111 257 4173 scio
281 4130 324 4173 an
346 4110 410 4184 hic,
434 4115 472 4172 ut
493 4129 592 4190 saepe
608 4110 728 4173 faceret
744 4109 835 4184 solet,
859 4115 917 4171 aut
932 4127 994 4170 sua
1009 4127 1051 4171 ex
1066 4109 1131 4171 alio
1147 4109 1236 4172 fonte
1251 4109 1407 4190 petiverit
1422 4113 1479 4171 aut
1494 4108 1660 4189 exipsius
1676 4107 1812 4189 ingenio
1828 4107 1993 4170 adiecerit.

187 4214 271 4278 Mihi
293 4214 429 4294 quidem
452 4213 623 4294 probabile
647 4219 697 4277 est
711 4213 889 4286 Valerium,
914 4211 1039 4292 quippe
1063 4213 1118 4275 cui
1140 4212 1280 4275 Diodori
1302 4212 1405 4276 verba
1427 4212 1601 4276 aPericlis
1621 4212 1782 4294 dignitate
1799 4211 1907 4273 aliena
1921 4229 1995 4274 esse

187 4317 389 4390 viderentur,
414 4317 520 4398 magis
543 4317 697 4380 idoneam
720 4335 865 4389 causam,
890 4334 950 4378 our
971 4314 1024 4376 vir
1046 4315 1274 4396 amplissimus
1297 4317 1373 4397 plus
1397 4335 1499 4396 quam
1519 4335 1579 4396 par
1594 4320 1682 4379 esset
1697 4315 1825 4396 argenti
1842 4333 1994 4378 consum-

189 4422 326 4503 psisset,
351 4426 564 4501 quaerentem
587 4421 629 4484 ad
652 4439 725 4484 eam
746 4440 816 4483 rem
840 4418 1041 4499 confugisse,
1065 4419 1107 4481 de
1130 4438 1198 4499 qua
1220 4422 1331 4484 statim
1353 4419 1540 4501 postillam
1564 4419 1806 4500 expositionem
1827 4417 1996 4482 Diodorus

188 4527 346 4606 loquitur,
370 4526 391 4588 i.
409 4546 435 4590 e.
460 4525 503 4588 ad
524 4524 666 4588 Phidiae
689 4543 789 4604 opera
811 4523 953 4601 eiusque
969 4521 1162 4596 calumniae,
1185 4543 1296 4604 neque
1318 4524 1500 4606 propylaea
1521 4522 1714 4586 aMnesiele
1736 4541 1811 4586 esse
1827 4520 1998 4585 aedificata

346 4713 367 4786 ¹)
395 4711 455 4780 Quo
473 4713 624 4786 ingerere
642 4708 815 4767 numeranda
832 4715 898 4767 sunt
916 4707 1025 4767 Valerii
1043 4710 1173 4783 exempla
1189 4729 1205 4768 e
1224 4709 1365 4770 Ciceronis
1383 4710 1462 4768 libris
1480 4712 1571 4784 petita
1587 4709 1670 4768 haec:

346 4799 409 4857 Vel.
422 4799 496 4858 Max.
508 4799 561 4870 IX,
579 4804 603 4871 2,
623 4801 679 4856 ext
698 4803 731 4858 10
749 4819 783 4845 =
801 4795 858 4854 Cio.
875 4795 954 4856 Hort.
978 4795 1023 4865 (cl.
1040 4797 1191 4871 Augrmtin.
1210 4815 1232 4856 c.
1246 4797 1298 4855 Iul.
1311 4797 1408 4871 Pelag.
1420 4797 1472 4869 IV,
1491 4803 1533 4867 15,
1551 4801 1585 4858 ie
1602 4798 1672 4870 ΤΧ,
1691 4816 1717 4870 p.
1727 4802 1787 4857 411.
1814 4797 1848 4852 A.
1867 4795 1935 4853 Bon.
1954 4793 1997 4852 ed.

191 4888 278 4944 Antv.
297 4887 396 4958 1700.);
419 4886 483 4943 Vel.
500 4885 574 4942 Max.
594 4885 674 4954 VIII,
691 4885 719 4955 9,
737 4889 792 4941 ext.
810 4889 827 4943 3
845 4907 878 4932 =
897 4881 953 4941 Cic.
971 4883 1052 4942 Tusa.
1072 4884 1094 4950 I,
1112 4889 1156 4954 34,
1179 4889 1226 4957 83,
1244 4884 1308 4941 Val.
1326 4884 1400 4942 Max.
1420 4885 1500 4957 VIII,
1524 4890 1565 4953 11,
1589 4890 1644 4941 ext.
1657 4889 1674 4944 6
1686 4907 1719 4934 =
1732 4880 1788 4940 Cio.
1801 4881 1879 4939 Orat
1891 4884 1933 4952 22,
1952 4885 1998 4946 74;

190 4973 255 5033 Val.
275 4972 350 5032 Max.
368 4971 421 5043 IX,
440 4977 465 5042 1,
483 4977 539 5030 ext.
557 4977 574 5031 3
591 4995 625 5020 =
644 4969 700 5028 Olc.
719 4971 799 5029 Tusc.
818 4971 854 5042 V,
872 4976 897 5040 7,
914 4975 961 5042 203
980 4968 1043 5027 Val.
1063 4970 1137 5028 Max.
1156 4971 1238 5044 VIII,
1257 4979 1298 5044 11,
1318 4976 1373 5030 ext
1392 4977 1451 5032 2=
1470 4970 1526 5030 cic.
1544 4989 1588 5044 cp.
1607 4971 1651 5028 ad.
1669 4970 1734 5028 lam.
1755 4969 1789 5042 V,
1808 4974 1850 5043 12,
1868 4975 1893 5030 7.

347 5058 368 5129 ²)
387 5059 422 5116 In
435 5059 571 5132 exemplis
584 5058 733 5116 afferendis
749 5063 814 5116 utor
824 5058 931 5115 Valerii
944 5057 1060 5116 Maximi
1073 5059 1202 5132 editione,
1216 5077 1299 5132 quam
1310 5057 1339 5118 C.
1352 5058 1460 5132 Kampl
1469 5077 1542 5116 anno
1552 5063 1621 5118 1888
1631 5056 1708 5130 Lips.
1720 5059 1821 5114 iterum
1831 5054 1998 5114 emendavit.
