4440 5674
1063 239 1274 300 ,3.-

266 475 325 520 our
346 454 435 527 inde,
460 453 550 534 quod
565 452 719 515 Valerius
734 449 872 514 Diodori
888 466 1010 510 nomen
1025 446 1156 510 silentio
1179 445 1342 527 praeterit,
1359 443 1528 507 conclusio
1544 443 1610 506 fiat.
1637 442 1841 519 Quinetiam
1857 439 2073 520 Zschechi01)

266 563 419 623 monente
434 557 527 620 illius
541 553 755 619 citationibus
769 554 871 617 nimis
886 570 1009 634 magna
1023 551 1107 614 fides
1123 550 1334 613 attribuenda
1348 568 1416 612 non
1430 554 1489 612 cst.
1515 546 1621 627 Saepe
1636 546 1725 610 enim
1740 545 1877 608 nomina
1892 548 2072 618 auctorum,

266 682 352 744 quos
382 662 518 724 omnino
544 679 614 722 non
641 658 821 730 consuluit,
850 654 1011 737 exemplis
1034 655 1180 718 adnectit
1201 659 1301 734 atquc
1324 653 1436 726 81188,
1463 655 1501 714 81
1518 651 1672 732 Kampsa
1696 649 1885 724 arbitratur,
1907 648 2074 711 interdum

265 786 333 829 non
360 765 433 828 sine
456 764 569 844 aliqua
601 763 795 844 diligentiae
829 765 861 822 ct
887 759 1056 822 doctrinae
1083 758 1258 822 iactatione
1286 757 1384 820 altius
1412 756 1454 819 ad
1481 755 1657 836 primarIos
1683 754 1790 816 fontes
1817 752 2074 834 perscrutandos

264 869 458 934 ascendisse
489 867 598 931 videri
630 867 711 928 vult.
765 863 881 944 Itaque
914 862 1028 926 888818
1067 881 1110 924 an
1146 861 1235 934 iude,
1269 860 1360 941 quod
1387 860 1556 924 Diodorus
1584 858 1756 921 aValeric
1784 861 1951 936 tamquam
1979 855 2073 918 188118

265 975 456 1039 nominatus
478 992 546 1036 888
569 975 628 1044 881,
651 971 775 1034 rectius
796 971 833 1033 in
856 968 1052 1032 contrariam
1073 971 1199 1048 partem
1215 963 1323 1026 conici
1336 963 1444 1044 poseIt
1457 965 1548 1027 hunc
1562 961 1653 1024 illius
1669 979 1755 1042 opus
1769 960 1959 1040 inspexisse
1974 965 2075 1040 atque

265 1098 308 1141 ex
330 1097 369 1142 88
391 1075 551 1140 nonnulla
572 1078 758 1137 mutuatum
780 1091 865 1136 esee.

419 1180 537 1259 Neque
559 1179 672 1242 minus
694 1177 834 1241 alterum
856 1181 1098 1258 argumentum,
1122 1193 1189 1254 quo
1204 1173 1388 1239 Diodorum
1404 1171 1528 1234 Valerii
1550 1171 1674 1236 iontem
1695 1170 1800 1233 181888
1823 1189 1843 1232 8
1865 1171 1947 1232 viris
1966 1169 2073 1232 doctis

265 1291 413 1368 negetur,
436 1281 641 1347 reiciendum
666 1286 724 1344 est.
770 1279 856 1344 Sunt
878 1282 966 1342 enim
989 1279 1049 1359 qui
1075 1283 1193 1359 putent
1218 1279 1309 1340 hunc
1335 1281 1373 1339 ut
1393 1277 1562 1340 hominem
1585 1275 1772 1338 Romanum
1795 1273 1932 1337 Graecis
1953 1274 2073 1338 litteris

266 1392 337 1453 slve
360 1389 496 1452 omnino
518 1406 589 1450 non
608 1385 774 1448 imbutum
797 1385 869 1448 sive
891 1384 983 1447 haud
1005 1385 1051 1447 ita
1073 1382 1241 1446 eruditum
1263 1381 1381 1454 fuisse,
1405 1385 1442 1443 ut
1463 1379 1610 1442 laborem
1632 1399 1675 1442 ex
1702 1378 1827 1442 Graeco
1854 1378 1891 1440 in
1916 1377 2101 1440 Latinum·

264 1493 416 1557 vertendi
438 1511 507 1555 non
528 1490 670 1553 libenter
692 1489 877 1570 susciperet
898 1492 932 1551 et
952 1493 1126 1569 propterea
1148 1485 1293 1549 Graecos
1316 1490 1467 1549 auctores
1490 1483 1690 1566 neglegeret.
1729 1482 1795 1560 Qui
1811 1503 1890 1546 vero
1904 1483 2075 1546 Valerium

265 1597 411 1660 Graecae
422 1595 558 1676 linguae
572 1593 690 1656 rudem
701 1593 807 1654 fuisse
823 1592 1032 1664 arbitrantur,
1049 1591 1080 1652 81
1094 1590 1276 1670 inspiciant
1290 1589 1383 1652 illius
1397 1589 1501 1651 libros
1517 1590 1620 1668 ipsos,
1635 1593 1674 1650 ut
1688 1587 1808 1652 erroris
1825 1587 2073 1650 convincantur.

263 1700 480 1764 Declinantur
494 1699 584 1762 enim
607 1697 649 1760 ab
672 1716 711 1759 eo
734 1715 833 1758 88888
856 1695 1058 1759 Graecorum
1080 1693 1253 1758 nominum
1276 1713 1363 1774 quae
1385 1696 1546 1756 vocantur
1567 1691 1776 1773 propriorum
1798 1710 1865 1754 non
1888 1691 2074 1754 secundum

266 1803 431 1876 Latinum,
455 1801 514 1865 sed
537 1800 701 1864 Graecum
716 1819 850 1864 morem.
885 1801 928 1883 At
942 1799 1006 1861 hoc
1020 1798 1112 1863 haud
1126 1797 1195 1860 8818
1212 1816 1254 1859 88
1270 1799 1348 1878 8818
1363 1797 1475 1859 81888
1491 1796 1727 1859 consuetudini
1742 1798 1825 1869 8188,
1848 1795 1908 1875 881
1923 1794 2075 1874 exempla

266 1908 473 1988 conscripsit,
497 1925 597 1986 quam
620 1905 661 1978 81,
686 1904 745 1985 881
767 1904 825 1967 1118
846 1903 1033 1984 descripsit,
1056 1901 1297 1964 vindicandum
1320 1921 1394 1964 8888
1417 1901 1514 1964 dicat.
1557 1899 1667 1976 Quid?
1690 1899 1817 1962 Graeca
1839 1900 1942 1964 verba
1963 1918 2074 1962 nonne

266 2033 286 2076 a
307 2011 439 2075 Valerio
462 2028 561 2090 saepe
583 2009 676 2091 operi
698 2028 760 2072 888
775 2008 895 2072 Latina
915 2007 1033 2089 lingua
1055 2006 1238 2087 composito
1260 2007 1333 2068 sine
1355 2004 1424 2068 ulla
1445 2024 1546 2068 causa
1564 2002 1839 2086 inspergimtur³)
1861 2010 1961 2084 atque
1975 2005 2074 2066 etiam

265 2133 501 2194 nonnusquam
523 2119 594 2176 tum
619 2113 843 2194 reperiuntur,
871 2131 947 2174 cum
973 2111 1011 2172 in
1031 2110 1121 2175 fonte
1142 2109 1262 2173 Latias
1287 2109 1391 2172 verba
1413 2106 1585 2190 exstant4).
1631 2107 1698 2171 Sed
1720 2127 1787 2171 888
1810 2109 1918 2171 solum
1941 2108 2075 2188 elngula

265 2218 382 2292 verba,
416 2237 532 2282 verum
565 2217 665 2280 etiam
697 2235 816 2280 versus
849 2235 892 2278 ex
919 2214 1056 2278 Graecis
1087 2215 1220 2294 scriptis
1244 2213 1390 2295 excerpti
1416 2213 1458 2276 ab
1485 2233 1524 2276 ec
1548 2211 1772 2294 efferunturl).
1818 2211 1913 2289 Quae
1936 2214 2074 2276 sirecte

266 2321 513 2404 perpendimus,
547 2321 654 2384 facere
681 2339 750 2383 non
774 2339 965 2400 possumus,
1001 2320 1084 2398 quin
1111 2318 1241 2381 Valerio
1275 2318 1461 2382 facultatem
1489 2316 1616 2380 Graeca
1643 2317 1766 2396 scripta
1791 2316 1892 2380 181188
1914 2315 2075 2380 reddendi

267 2426 430 2489 immerito
453 2425 606 2507 derogari
629 2444 688 2505 pro
711 2428 798 2488 certo
820 2423 1032 2487 affirmemus.

424 2525 514 2603 Quin
541 2526 639 2590 etiam
667 2526 750 2588 mihi
776 2527 832 2590 hic
855 2530 946 2588 tenta
967 2525 1148 2588 litterarum
1175 2525 1376 2588 Graecarum
1404 2524 1543 2588 scientia
1569 2543 1654 2587 usus
1675 2524 1915 2597 videturesse,
1944 2527 2075 2588 utnon

266 2633 393 2697 invitus
410 2631 555 2696 Graecos
575 2630 752 2711 scriptores
775 2629 817 2692 ad
840 2630 992 2710 exempla
1015 2627 1200 2692 enarranda
1221 2629 1336 2692 adiret
1380 2627 1435 2690 Ex
1457 2628 1566 2709 operis
1589 2627 1678 2690 enim
1693 2628 1805 2691 indole
1821 2633 1921 2708 atque
1935 2627 2074 2691 consilio

267 2737 413 2802 dilucide
446 2739 582 2816 apparet
612 2734 780 2798 Valerium
809 2739 911 2797 artem
938 2733 1134 2796 rhetoricam
1161 2737 1193 2795 et
1218 2732 1330 2814 Ipsum
1358 2732 1541 2796 adfectasse
1568 2737 1601 2794 et
1625 2733 1764 2796 fortasse
1799 2733 1881 2795 81188
1909 2732 2074 2796 docuisse.

267 2839 397 2917 Quodsi
416 2859 533 2902 verum
557 2843 615 2913 est,
639 2838 724 2918 quin
746 2838 801 2901 1118
823 2838 992 2901 rhetorum
1015 2837 1088 2899 cius
1112 2835 1228 2900 aetatis
1251 2836 1382 2900 scholas
1405 2836 1672 2917 frequentaverit,
1697 2836 1844 2899 dubitari
1867 2855 1935 2900 non
1957 2840 2072 2916 potest

267 2943 414 3026 Augusti
437 2949 547 3007 autem
569 2941 774 3023 temporibus
797 2942 941 3004 maxime
963 2941 1125 3004 florebant
1146 2941 1293 3004 rhetores
1315 2940 1538 3020 Apollodorus
1566 2939 1794 3022 Pergamenus
1822 2945 1854 3003 et
1880 2939 2075 3003 Theodorus

269 3046 451 3120 Gadareus,
479 3047 538 3126 qui
565 3046 716 3109 diversas
743 3046 918 3126 opiniones
947 3045 1153 3109 tradiderunt
1180 3050 1279 3124 atque
1307 3049 1413 3107 sectas
1435 3042 1731 3124 Apollodoreorum
1755 3047 1787 3105 et
1808 3043 2075 3108 Theodoreorum

267 3151 458 3228 fecerunt).
506 3149 633 3212 Horum
661 3167 872 3212 successores
906 3148 1083 3211 aValeric
1117 3148 1249 3211 auditos
1283 3166 1356 3210 esse
1390 3147 1453 3210 etsi
1487 3148 1585 3211 certis
1618 3148 1823 3227 argumentis
1857 3148 2075 3210 demonstrari

268 3254 396 3334 nequit,
423 3258 534 3316 tamen
561 3252 674 3332 aliqua
701 3271 776 3314 cum
802 3251 1046 3332 probabilitatis
1073 3252 1185 3332 specie
1212 3252 1319 3315 conici
1345 3251 1430 3314 11881.
1480 3249 1609 3327 Quodsi
1637 3251 1683 3314 118
1703 3271 1757 3314 res
1780 3270 1817 3313 se
1844 3251 1953 3324 habet,
1981 3251 2074 3314 illum

269 3356 405 3421 Graecis
438 3357 556 3422 litteris
590 3357 636 3419 118
668 3356 840 3420 studuisse
867 3360 1125 3419 consentaneum
1152 3361 1215 3429 est,
1250 3360 1288 3418 ut
1314 3354 1408 3418 facile
1435 3354 1558 3436 scripta
1585 3354 1785 3418 Graecorum
1812 3354 2018 3436 intellegeret
2043 3359 2076 3416 et

269 3461 443 3540 quodlibet
457 3480 542 3542 opus
560 3459 684 3524 Graece
700 3460 923 3540 conscriptum
938 3460 974 3522 in
990 3459 1147 3522 Latinum
1163 3460 1358 3524 transferret.
1392 3459 1503 3538 Atque
1517 3461 1582 3522 hoc
1603 3479 1643 3521 eo
1659 3459 1781 3521 certius
1797 3457 1997 3522 credendum
2014 3463 2073 3531 est,

269 3565 360 3645 quod
372 3563 406 3628 S.
418 3564 601 3645 Pompeius
613 3583 672 3645 pro
688 3564 824 3626 consule
834 3563 1005 3627 Valerium
1019 3565 1056 3625 18
1072 3566 1204 3628 cohorte
1220 3565 1399 3626 amicorum
1416 3556 1529 3626 secum
1540 3565 1577 3625 in
1591 3563 1797 3643 provinciam
1809 3562 1922 3625 Asiam
1935 3561 2072 3640 duxitq.

422 3685 513 3749 Haec
527 3704 607 3748 vero
622 3689 817 3768 argumenta
831 3689 920 3758 sunt,
936 3683 1061 3765 quibus
1078 3684 1260 3748 adversarii
1276 3685 1472 3747 sententiam
1487 3702 1594 3746 meam
1609 3683 1733 3747 Valerii
1748 3683 1907 3747 nonnulla
1923 3683 2075 3763 exempla

269 3788 431 3868 originem
459 3810 477 3852 e
499 3789 638 3852 Diodori
660 3789 863 3853 bibliotheca
888 3788 1016 3852 trahere
1043 3789 1182 3852 fortasse
1208 3789 1358 3852 refutent.
1404 3785 1497 3862 Quae
1525 3807 1601 3850 cum
1627 3806 1695 3850 non
1718 3787 1869 3851 sufficere
1892 3786 2071 3860 docuerim,

268 3893 335 3955 iam
357 3912 415 3956 888
438 3913 557 3956 causas
579 3895 724 3967 afferam,
747 3893 873 3974 quibus
895 3892 932 3955 id
954 3894 1046 3973 quod
1069 3895 1176 3957 sentio
1199 3891 1406 3973 comprobari
1429 3892 1545 3972 possit.

422 3997 505 4060 Mihi
521 3996 659 4078 quidem
673 3999 709 4061 in
723 4001 834 4061 animo
852 4003 902 4060 est
916 3997 1100 4060 Diodorum
1113 3997 1264 4061 Siculum
1274 3996 1399 4059 Valerii
1413 3995 1552 4059 Maximi
1566 4001 1733 4059 auctorem
1747 3995 1852 4059 fuisse
1868 3994 2073 4077 argumentis

267 4101 501 4175 demonstrare,
526 4119 613 4181 quae
635 4101 804 4165 ducuntur
826 4105 859 4164 81
880 4121 923 4164 ex
945 4101 1174 4181 dispositione,
1199 4120 1267 4181 qua
1287 4101 1344 4163 hic
1365 4119 1519 4182 magnam
1547 4100 1676 4180 copiam
1703 4099 1930 4180 exemplorum
1953 4100 2075 4182 digerit

267 4209 367 4284 atque
390 4204 564 4286 disiungit‚
588 4208 685 4267 etex
707 4204 857 4277 oonsilio,
882 4203 973 4283 quod
994 4205 1030 4266 in
1053 4204 1249 4267 enarrandis
1263 4205 1365 4268 rebus
1381 4205 1539 4267 memoria
1554 4204 1668 4286 dignis
1684 4203 1845 4283 sequitur,
1869 4209 1901 4267 et
1923 4204 2073 4268 exinani

268 4309 478 4388 loquacitate,
502 4327 570 4388 qua
592 4306 730 4370 affectus
753 4306 937 4370 animorum
960 4309 1103 4370 excitare
1126 4309 1247 4382 studet,
1271 4313 1303 4372 et
1324 4327 1366 4371 ex
1388 4326 1556 4372 consensu
1577 4327 1653 4371 oum
1673 4327 1784 4372 rerum
1800 4314 1869 4372 tum
1885 4308 2072 4381 verborum,

270 4412 330 4491 qui
351 4413 437 4476 inter
459 4412 584 4475 Valerii
607 4416 639 4474 et
659 4410 800 4474 Diodori
821 4411 911 4474 locos
934 4412 1145 4493 perspicitur.

424 4614 444 4687 ¹)
470 4615 503 4673 ct
520 4615 539 4672 l
556 4615 583 4688 l,
600 4620 684 4689 841,
700 4619 745 4676 11.

422 4700 805 4776 ’1111881312111
1470 4734 1472 4740 ’

422 4787 444 4860 ’)
472 4805 500 4845 v.
512 4805 555 4844 ex.
567 4787 619 4860 IV,
637 4792 663 4858 6,
680 4793 710 4860 3;
727 4789 751 4860 I,
769 4793 795 4858 ’1,
812 4793 829 4848 ’1
835 4805 842 4860 ;
861 4787 941 4860 VIII,
959 4794 1001 4860 13,
1020 4793 1076 4846 ext.
1089 4795 1117 4862 73
1136 4789 1218 4860 VIII,
1235 4795 1260 4863 ’1,
1279 4796 1335 4849 era
1348 4796 1394 4863 123
1413 4790 1493 4848 Vlll.
1506 4796 1532 4860 1,
1551 4795 1607 4848 ext.
1620 4791 1662 4850 10.

421 4873 442 4943 ⁴)
469 4891 495 4931 v.
515 4891 557 4932 en
572 4872 653 4931 VIII.
670 4879 696 4947 ’1,
714 4879 769 4932 ext.
783 4879 814 4941 9;
831 4873 909 4944 VIII,
928 4877 970 4945 10,
988 4881 1043 4932 ext.
1057 4882 1081 4935 1.

422 4958 445 5029 ⁵)
472 4977 499 5018 v.
519 4977 561 5017 en
579 4960 604 5028 I,
621 4965 647 5032 5,
665 4965 696 5027 ’1;
713 4959 769 5032 111,
786 4966 812 5032 ’1,
830 4966 916 5022 8813
934 4966 964 5019 81
981 4965 1037 5019 ext
1049 4967 1079 5033 4;
1096 4960 1147 5033 IV,
1165 4968 1189 5021 1.
1208 4966 1264 5020 ext
1276 4967 1301 5022 ’1.

423 5045 446 5116 ⁶)
477 5045 509 5104 81.
529 5043 662 5116 Quinta,
679 5052 705 5116 1,
723 5052 763 5108 17.

424 5131 447 5206 ⁷>
476 5131 508 5191 81
527 5131 650 5207 Komplii
666 5132 686 5190 1.
698 5132 714 5192 1.
733 5151 761 5206 p.
772 5139 797 5194 4.
