4440 5674
1057 242 1270 304 -αι-

260 447 444 512 Alexandri
466 447 580 530 Magni
607 448 779 512 historiam
802 449 1034 530 exponendam
1056 469 1076 516 a
1098 448 1214 512 Curtio
1236 447 1387 512 adhiberi
1411 450 1509 525 atque
1532 461 1708 516 consensu,
1731 440 1791 520 qui
1813 439 1900 503 inter
1920 436 2014 500 illum
2037 441 2070 500 et

261 551 352 615 hunc
367 552 420 631 (of.
436 551 560 615 Valerii
575 553 679 616 verba
696 552 993 626 „excusationis
1016 553 1137 617 verba
1155 552 1392 632 quaerebat“
1411 569 1488 611 cum
1503 547 1610 612 Curtii
1625 545 1738 610 verbis
1757 543 2067 624 „ignorationem

262 699 320 717 ...
343 701 350 718 .
374 661 622 734 excusans“)
636 655 818 729 intercedit,
843 661 1025 720 commotus
1047 657 1131 720 illud
1153 655 1315 719 iudicium
1338 673 1414 717 cum
1429 652 1574 732 quadam
1589 647 1832 732 probabilitatis
1855 645 1965 726 specie
1985 645 2068 706 terre

261 759 378 841 potuIt.
426 759 526 824 Nunc
552 779 631 823 vero
659 759 823 822 sententia
845 759 1055 834 Oollmannii,
1083 761 1143 840 qui
1167 760 1312 822 Graecos
1337 759 1445 821 fontes
1468 775 1488 818 a
1509 754 1641 818 Valerio
1665 754 1701 816 in
1722 771 1822 815 usum
1844 753 1979 813 vocatos
2001 767 2069 810 non

261 882 337 926 esse
363 863 542 936 existimat,
570 882 644 925 mea
670 863 894 944 disputatione
920 864 988 927 iam
1015 864 1097 927 satis
1123 864 1245 926 reiecta
1270 863 1404 926 videtur
1430 879 1514 923 esse.
1560 861 1669 937 Atque
1697 857 1727 919 si
1753 853 1891 925 Valerii,
1919 850 2068 924 Diodori,

262 964 370 1029 Curtii
402 966 667 1030 narratiunculas
701 972 852 1030 accurate
884 972 916 1030 et
949 967 1127 1047 diligenter
1158 967 1245 1030 inter
1277 985 1312 1028 se
1345 964 1534 1036 contuleris,
1568 960 1692 1025 Valerii
1726 959 1828 1022 verba
1859 956 1998 1037 propius
2027 954 2069 1017 ad

261 1068 446 1134 Diodorum
468 1089 571 1150 quam
593 1069 637 1132 ad
659 1068 811 1133 Curtium
834 1070 990 1135 accedere
1013 1070 1196 1154 intelleges.
1240 1071 1325 1134 Nam
1347 1069 1396 1132 illi
1419 1068 1465 1131 ita
1486 1067 1573 1130 inter
1594 1085 1630 1128 se
1653 1066 1854 1146 congruunt:

468 1203 549 1262 Diod.
1403 1202 1467 1259 Vel.

261 1307 299 1381 τῷ
314 1312 426 1380 μογέοντι
443 1308 471 1362 δέ
488 1309 536 1364 καὶ
554 1307 645 1365 κάλλει
662 1313 820 1385 apollonos
836 1309 882 1366 roi
894 1309 1097 1381 Ἡφαιστίωνος,
1192 1307 1496 1381 Hephaestionemque,
1509 1307 1574 1378 quia
1589 1309 1619 1362 et
1634 1307 1743 1360 statura
1755 1306 1785 1358 et
1796 1301 1885 1358 lorma
1896 1294 2069 1371 praestabat.

261 1391 345 1448 πᾶν
360 1395 388 1454 ἕξ
404 1394 489 1468 ἀρχῆς
505 1393 660 1468 προσεκύνει
1192 1412 1244 1468 per
1261 1413 1398 1451 summam
1417 1391 1633 1466 trepidationem

262 1479 363 1551 sfflfflv
381 1485 530 1556 Ψρονῐῑστιςι
548 1476 569 1536 ὦ
586 1481 676 1556 μῆτερ·
1192 1481 1286 1554 „Nihil
1304 1482 1364 1538 est“
1382 1481 1473 1554 inquit
1491 1476 1583 1552 „quod
1603 1518 1610 1532 .
1629 1521 1635 1534 .
1653 1473 1844 1533 contunderis:

417 1587 592 1651 Praetores
611 1587 677 1650 hoc
699 1589 844 1652 maxime
865 1608 978 1669 premo
1002 1593 1242 1671 argumentum,
1259 1587 1350 1667 quod
1372 1592 1511 1666 uterque
1534 1585 1675 1665 scriptor
1688 1581 1790 1645 Darei
1804 1584 1939 1642 matrem
1955 1575 2070 1647 solam,

262 1709 378 1752 omnes
404 1692 538 1772 reginas
559 1690 788 1756 Alexandrum
816 1692 1014 1757 salutavisse
1037 1693 1173 1756 Curtius
1195 1693 1302 1755 refert.
1349 1691 1468 1770 Neque
1494 1689 1626 1753 silentio
1649 1683 1926 1767 praetereundum
1948 1684 1999 1743 est
2024 1677 2069 1750 id,

263 1793 355 1871 quod
376 1795 440 1858 hoe
462 1793 651 1875 exemplum
666 1795 823 1858 continuo
844 1797 982 1860 alterum
998 1799 1158 1876 sequitur,
1174 1796 1266 1876 quod
1280 1795 1393 1876 ipsum
1407 1812 1543 1874 quoque
1558 1812 1601 1856 ex
1615 1788 1755 1855 Diodori
1770 1806 1869 1868 opere
1883 1783 2071 1849 manavisse

264 1901 387 1960 certum
412 1899 502 1975 est1).
547 1897 756 1980 Quapropter
776 1900 901 1963 Valerii
927 1900 1031 1964 verba
1061 1900 1200 1976 „cuius
1222 1900 1396 1964 adventu
1419 1944 1426 1960 .
1452 1946 1460 1961 .
1482 1901 1660 1960 recreata
1692 1892 1801 1958 humi
1833 1891 2071 1973 prostratum

265 2007 383 2081 ceput
405 2001 568 2076 orexim,
592 2021 678 2082 quae
694 2003 784 2085 apud
805 2005 990 2068 Diodorum
1013 2004 1254 2078 desiderantur,
1278 2004 1320 2067 ab
1342 2002 1400 2065 illo
1422 2001 1536 2065 addita
1558 2019 1632 2064 esse
1655 1998 1808 2079 suspicor
1829 2000 1861 2058 et
1883 1991 2071 2073 exemplum

265 2102 308 2167 ad
329 2104 433 2168 huius
456 2106 683 2170 auctoritatem
704 2127 834 2172 revoco.

418 2208 516 2272 Nune
538 2209 576 2272 in
599 2211 878 2291 comparationem
900 2231 1059 2277 vocemus
1081 2213 1144 2277 hos
1166 2212 1271 2276 locos:

556 2324 635 2384 Diod.
650 2325 704 2385 Sia
717 2327 796 2395 XIII,
814 2333 857 2390 83.
1447 2325 1509 2383 Vel.
1521 2325 1595 2386 Max
1608 2323 1660 2395 lv,
1678 2327 1703 2392 8,
1721 2327 1813 2382 ext2.

327 2427 359 2485 ‘0
377 2429 459 2484 da
422 2451 459 2486 τ
446 2429 647 2506 νἈκραγαντί
635 2454 703 2488 ιναιν
720 2432 816 2509 σχεδὸν
832 2434 1025 2497 nicaenorum
1042 2429 1073 2502 ἦν
1085 2433 1139 2490 κατ’
1262 2430 1433 2488 Subnectam
1446 2429 1512 2486 huic
1520 2429 1743 2501 Acragantinum
1754 2425 1866 2488 Gillium
1877 2442 1961 2497 quem
1970 2440 2071 2496 prope

265 2514 416 2571 ἐκεῖνον
387 2537 435 2572 τον
453 2514 555 2590 χρόνον
576 2517 722 2583 Γιλλίας,
715 2517 743 2581 ὃς
765 2517 834 2575 κατα
856 2518 904 2588 τὴν
920 2525 974 2576 ola
974 2541 1010 2575 αν
1027 2521 1142 2583 ξενῶνας
1194 2516 1332 2575 modum'
1324 2517 1413 2590 ipsius
1432 2515 1608 2573 liberaIItatis
1626 2512 1791 2587 praecordia
1808 2507 2072 2569 constathabuisse

265 2603 336 2674 ἔχων
369 2605 472 2665 πλείονι
505 2601 572 2678 πρὸς
604 2609 664 2665 ταῖς
698 2604 767 2660 nita
750 2627 794 2668 αις
827 2610 930 2662 ἔταττεν
963 2611 1072 2672 οἰκέτας,
1101 2611 1143 2670 ατς
1193 2603 1264 2660 Erat
1281 2602 1381 2677 opibus
1405 2602 1551 2673 excellens,
1579 2600 1630 2658 sed
1651 2600 1740 2657 multo
1764 2601 1848 2656 etiam
1871 2598 1964 2654 animo
1987 2612 2072 2669 quam

265 2691 484 2762 παρηγγελμένον
505 2685 578 2758 ist
561 2709 683 2752 αιταντας
699 2689 760 2754 τούς
776 2695 864 2756 ξένοις
886 2697 978 2750 καλεῖν
999 2695 1043 2748 lul
1060 2695 1141 2766 ξενία·
1194 2689 1302 2748 divitiis
1319 2688 1485 2762 locupletior
1497 2705 1664 2761 semperque
1681 2689 1711 2744 in
1723 2683 1866 2760 eroganda
1881 2684 1975 2757 potius
1988 2699 2072 2780 quam

265 2813 1141 2837 ·····················
1193 2778 1223 2833 in
1242 2776 1420 2878 corripienda
1436 2778 1554 2850 pecunia
1572 2780 1732 2849 occupatus,
1751 2773 1822 2830 adeo
1840 2777 1873 2830 ut
1890 2771 1988 2828 domus
2012 2769 2072 2826 eius

264 2858 360 2928 καιδὴ
378 2881 439 2916 ποτε
457 2868 638 2918 πεντακοσίων
656 2865 760 2920 tunsos
777 2869 1004 2941 παραγενομένων
1020 2869 1142 2928 inlitus
1195 2865 1276 2937 quasi
1319 2863 1457 2936 quaedam
1502 2861 1707 2962 munificentiae
1747 2859 1857 2918 officina
1900 2856 2073 2914 crederetur:

262 2952 402 3019 tumim
419 2945 594 3020 πέρῦθῐᾶσέως
610 2947 695 3018 οὖθης,
714 2949 839 3027 καθάπερ
857 2953 921 3021 ppei
940 2958 1054 3024 Τι’μαιος
1070 2951 1142 3026 lurp}
1196 2984 2072 3006 .....................

264 3033 486 3102 πεντεκαιδεκάτῃ
502 3037 594 3106 βίβλῳ,
617 3034 721 3097 πάντας
742 3034 837 3098 αι’ττοῠς
854 3035 1001 3103 ὑπεδέξατο,
1024 3038 1071 3092 xci
1089 3058 1140 3092 τιττ-
1195 3082 1201 3094 .

265 3117 393 3192 9²19?ssoe
413 3121 497 3175 κᾶσθ’
518 3119 615 3192 'firm
637 3123 684 3177 καὶ
707 3123 828 3195 χιτῶνας
848 3123 960 3178 ἔνδοθεν
981 3127 1143 3198 προενέγκας
1193 3122 1328 3195 Hospites
1355 3139 1467 3196 quoque
1494 3139 1557 3178 cum
1583 3119 1698 3177 urbanis
1725 3117 1872 3194 penatibus
1899 3121 1959 3173 tum
1987 3116 2073 3172 etiam

264 3203 353 3259 “5⁹³²“-
1194 3209 1307 3266 rusticis
1329 3210 1412 3266 tectis
1435 3208 1636 3282 benignissime
1659 3208 1777 3280 excepti,
1800 3205 1887 3263 variis
1910 3202 2072 3260 muneribus

1194 3296 1287 3353 ornati
1304 3294 1525 3353 dimittebantur.
1562 3292 1688 3362 Quodam
1707 3311 1775 3350 vcro
1798 3298 1925 3364 tempore
1943 3289 1967 3344 D
1989 3287 2073 3345 simul

1195 3380 1358 3439 Gelensium
1377 3383 1486 3454 equites
1505 3382 1534 3437 vi
1552 3381 1730 3455 tempestatis
1749 3381 1778 3435 in
1796 3377 1988 3452 possessiones
2006 3391 2072 3431 suas

1195 3468 1344 3541 conpulsos
1362 3467 1432 3524 aluit
1449 3484 1482 3524 ao
1500 3469 1623 3525 vestivit
1644 3509 1754 3524 .....

419 3571 572 3653 Kompf')
595 3571 718 3636 Valerii
741 3573 929 3654 exemplum
952 3593 970 3636 e
994 3573 1119 3640 Timaei
1146 3576 1294 3649 historia,
1322 3594 1453 3656 exque
1477 3595 1538 3638 sua
1572 3595 1608 3638 se
1642 3575 1871 3655 desumpsisse
1903 3570 2073 3635 Diodorus

266 3681 412 3750 testetur,
435 3675 528 3740 haud
550 3676 653 3740 dubie
676 3677 815 3758 petitum
838 3696 912 3740 esse
929 3683 1049 3752 oenset,
1065 3679 1156 3759 quod
1172 3680 1208 3742 in
1224 3678 1323 3743 altero
1339 3697 1474 3760 quoque
1490 3680 1642 3761 exemplo
1658 3678 1693 3758 (1,
1710 3681 1740 3752 7,
1757 3683 1823 3741 ext.
1839 3679 1873 3756 6)
1888 3675 2072 3740 enarrando

265 3780 419 3844 Valerius
442 3780 613 3846 Timaeum
635 3781 672 3842 in
694 3799 795 3843 usum
817 3800 916 3843 suum
940 3783 1144 3846 convertisse
1165 3783 1308 3847 videtur.
1349 3782 1467 3863 Neque
1489 3803 1568 3847 vero
1591 3784 1627 3847 id
1648 3783 1746 3846 certis
1768 3781 1973 3864 argumentis
1995 3799 2072 3842 con·

265 3883 430 3947 firmatum
457 3889 517 3948 est.
566 3884 734 3965 Equidem
761 3884 888 3960 dubito,
920 3904 963 3948 an
990 3887 1180 3969 exemplum
1206 3886 1231 3962 Ι,
1255 3889 1284 3962 7,
1309 3889 1411 3951 extd
1434 3887 1490 3950 alii
1513 3887 1640 3951 auctori
1665 3886 1914 3950 attribuendum
1936 3885 1989 3958 ait,
2012 3883 2072 3963 qui

266 3988 424 4052 aValerii
446 3992 551 4051 aetate
566 3989 702 4070 propior
716 3989 769 4051 sit.
807 3989 876 4053 Sed
897 3990 960 4053 etsi
984 3989 1112 4054 abhoc
1134 3990 1306 4054 Timaeum
1322 3990 1457 4054 omnino
1472 3991 1660 4071 neglectum
1676 4010 1750 4055 esse
1766 3992 1990 4055 demonstrare
2004 4007 2073 4050 non

265 4111 413 4173 possum,
438 4092 626 4172 exemplum
648 4092 749 4166 1v‚s‚
774 4095 876 4157 enti
898 4093 941 4156 ad
962 4093 1102 4157 Diodori
1125 4094 1350 4158 auctoritatem
1372 4094 1581 4157 referendum
1604 4114 1678 4158 esse
1700 4095 1783 4158 mihi
1807 4093 1965 4158 credibile
1979 4091 2071 4155 vide·

265 4199 327 4258 tur.
373 4195 492 4258 Nonne
514 4194 550 4257 id
572 4194 696 4258 Valerii
720 4201 751 4259 et
772 4196 912 4260 Diodori
933 4195 1082 4260 locorum
1105 4197 1325 4261 similitudine
1340 4202 1439 4277 atque
1455 4197 1612 4262 affinitate
1627 4199 1804 4281 probatur?
1839 4199 1885 4261 At
1898 4198 1954 4261 ille
1968 4197 2072 4259 multo

267 4298 433 4381 copiosior
453 4299 517 4363 hoc
540 4305 599 4362 est.
644 4297 755 4376 Quid?
790 4297 915 4364 Valerii
937 4299 1038 4364 verba
1063 4302 1156 4377 „sed
1184 4302 1328 4366 multo“
1357 4319 1467 4382 usque
1494 4303 1536 4366 ad
1566 4302 1911 4378 „dimittebantur“
1941 4300 2072 4379 aliaque

266 4422 365 4467 ame
393 4403 526 4477 omissa,
554 4420 641 4483 quae
667 4402 839 4485 respIcias,
867 4423 977 4467 nonne
1004 4405 1103 4485 plena
1129 4410 1208 4468 sunt
1233 4404 1426 4484 figurarum,
1453 4423 1538 4484 quas
1561 4405 1743 4469 antitheses
1765 4425 1884 4468 vocare
1908 4404 2072 4467 solemus?

267 4505 423 4587 Suspicio
457 4505 562 4586 igitur
594 4506 699 4570 oritur
730 4525 769 4569 ea
796 4527 838 4570 ex
867 4507 1036 4588 scriptoris
1068 4507 1202 4572 officina
1228 4508 1403 4589 prodiisse,
1432 4510 1529 4572 euius
1560 4511 1836 4574 consuetudinem
1863 4514 1896 4572 et
1922 4507 2071 4570 studium

267 4609 493 4692 amplificandi
515 4614 547 4673 et
568 4611 755 4674 exornandi
776 4610 874 4674 valde
896 4613 1055 4676 redolent.
1100 4611 1192 4688 Quae
1216 4612 1246 4674 si
1268 4612 1462 4687 excluseris,
1485 4620 1593 4677 cetera
1615 4613 1655 4676 ad
1679 4633 1827 4695 unguem
1849 4613 1917 4676 fere
1932 4631 2070 4675 eonsen-

267 4715 362 4788 tiunt
396 4718 434 4778 ut
466 4714 509 4777 ad
543 4713 626 4776 alios
659 4713 767 4778 fontes
801 4715 978 4797 coningere
1012 4736 1098 4798 opus
1130 4735 1199 4780 non
1233 4716 1286 4782 sit
1321 4715 1381 4779 sed
1413 4737 1535 4800 magna
1567 4737 1643 4781 oum
1674 4715 1905 4798 probabilitate
1931 4714 2071 4778 Diodori

267 4819 493 4882 auctoritatem
516 4821 658 4882 statuere
680 4819 800 4899 possis.

422 5020 444 5091 ¹)
462 5019 495 5078 af.
514 5038 600 5094 supra
616 5039 644 5093 p.
657 5025 698 5079 12.

423 5124 446 5193 ¹)
473 5123 505 5182 cf.
524 5122 674 5197 1.l.p.24.
