4440 5674
1001 237 1214 299 ,6-

205 439 425 503 condiderunt
448 459 515 521 quo
537 441 620 521 ipse.
656 441 755 516 Quod
777 441 807 503 si
829 461 946 504 verum
968 446 1028 516 est,
1050 441 1189 506 Diodori
1214 442 1319 506 Siculi
1341 443 1445 506 libros
1468 442 1633 505 aVclerio
1655 443 1825 522 neglectos
1846 462 1914 505 non
1936 462 2011 506 esse

203 545 294 607 haud
317 544 468 624 impmba
490 543 679 608 coniectura
701 545 853 608 divinare
874 546 960 610 licat.
993 546 1079 610 Nam
1100 546 1269 611 Diodorus
1291 547 1328 610 in
1349 566 1487 610 numero
1502 547 1634 610 illorum
1649 551 1820 610 auctorum
1835 547 2011 610 habendus

204 653 263 720 est,
287 649 413 728 quippo
437 649 496 727 qui
519 647 717 729 priusquam
740 649 782 712 ad
804 649 976 714 historiam
997 669 1033 712 se
1056 651 1216 714 conferret
1237 653 1280 714 de
1303 651 1377 714 eius
1398 650 1465 713 fine
1487 669 1526 712 ac
1548 651 1675 713 ratione
1697 650 1757 713 diu
1775 669 1814 712 ao
1834 650 2012 732 diligenter

204 752 469 815 consideravisse
495 751 658 816 videatur.
692 752 780 816 Huic
806 754 855 816 rei
882 759 1074 838 argumento
1097 760 1160 828 est,
1188 755 1279 835 quod
1302 755 1397 818 initio
1420 755 1531 835 operis
1554 753 1639 835 sui1)
1662 753 1726 817 hoo
1747 753 1845 817 modo
1860 754 2008 816 disserit:

359 852 418 920 Διό
441 855 497 920 καί
519 854 602 939 πρὸς
624 852 756 931 άπάσας
778 855 839 932 τάς
861 858 922 923 τοῦ
943 858 1017 938 βίου
1038 856 1241 943 περιστάσεις
1261 854 1518 946 χρησιμωτάτην
1544 854 1588 922 ἄν
1610 879 1660 932 τις
1681 851 1766 922 εἱναι
1788 857 1925 941 νομίσειε
1948 856 2011 944 τὴν

204 956 328 1044 ταύτης
347 960 403 1038 (sc.
421 955 577 1044 ἱστορίας)
602 955 778 1046 ἀνάληψιν.
814 973 884 1037 τοῖς
904 961 967 1045 μὲν
987 960 1053 1046 γάρ
1074 962 1248 1045 νεωτέροις
1270 959 1333 1048 τὴν
1355 961 1404 1027 τά
1405 985 1426 1027 ν
1449 958 1686 1047 γεγηρακότων
1699 972 1861 1044 περιποιεῖ
1872 959 2009 1042 σύνεσιν,

204 1075 275 1138 τοῖς
308 1061 344 1128 δὲ
377 1062 609 1148 πρεσβυτέροις
641 1063 919 1148 πολλαπλασιάζει
949 1064 1012 1151 τὴν
1041 1063 1256 1150 ὑπάρχουσαν
1278 1064 1456 1150 ἐμπειρίαν,
1480 1065 1537 1129 καὶ
1560 1063 1638 1140 τούς
1658 1063 1720 1148 μὲν
1741 1061 1879 1138 ἰδιώτας
1901 1061 2011 1146 ἀξίους

202 1163 377 1252 ἡγεμονίας
410 1165 655 1250 κατασκευάζει,
690 1166 768 1244 τούς
791 1166 827 1232 δὲ
860 1165 1024 1254 ἡγεμόνας
1057 1170 1106 1254 τῷ
1138 1167 1193 1234 διά
1228 1170 1285 1255 τῆς
1313 1166 1410 1255 δόξης
1437 1165 1659 1252 ἀθανατισμῷ
1686 1165 1909 1253 προτρέπεται
1941 1181 2011 1245 τοῖς

204 1270 392 1345 καλλίστοις
414 1271 484 1335 τῶν
507 1267 616 1355 ἐργων
637 1267 818 1356 ἐπιχειρεῖν,
841 1273 942 1357 χωρίς
970 1271 1007 1338 δὲ
1029 1271 1161 1339 τούτων
1184 1270 1262 1349 τούς
1282 1273 1345 1357 μὲν
1366 1269 1574 1357 στρατιώτας
1594 1283 1664 1348 τοῖς
1677 1269 1762 1355 μετά
1778 1270 1841 1358 τὴν
1855 1271 2011 1358 τελευτὴν

203 1370 348 1449 ἐπαίνοις
370 1371 597 1460 ἑτοιμοτέρους
620 1373 855 1458 κατασκευάζει
881 1375 965 1461 πρός
992 1375 1070 1452 τοὶς
1101 1373 1183 1462 ὑπὲρ
1210 1378 1269 1463 τῆς
1294 1376 1456 1461 πατρίδος
1477 1373 1662 1452 ιανδόνους,
1691 1373 1768 1450 τοὶς
1790 1374 1828 1441 δὲ
1847 1374 2011 1462 πονηροὺς

203 1478 273 1542 τῶν
295 1475 491 1562 ἀνθρώπων
513 1489 585 1550 ταῖς
608 1477 758 1554 αίωνίαις
779 1480 998 1566 βλασφημίαις
1020 1477 1198 1566 ἀποτρέπει
1221 1482 1280 1568 τῆς
1302 1479 1356 1546 ἐπὶ
1378 1479 1441 1566 τὴν
1463 1481 1586 1546 κακίαν
1608 1477 1753 1565 δρμὴςί).

356 1581 473 1662 Neque
496 1581 607 1644 minus
630 1582 734 1664 digna
756 1589 835 1646 sunt
857 1603 943 1664 quae
966 1591 1261 1650 commemorentur
1282 1586 1378 1649 haec:

355 1681 455 1769 Ἡμεῖς
482 1684 519 1751 δὲ
546 1687 604 1772 τῆς
631 1682 777 1771 ἱστορίας
802 1684 925 1752 οἰκεῖον
951 1684 1228 1773 ὑπολαμβάνομεν
1253 1685 1338 1755 είνω
1365 1686 1405 1755 τό
1435 1685 1481 1774 μὴ
1505 1689 1706 1771 παραλιπεῖν
1728 1683 2010 1774 ἀνεπισημάντους

204 1785 263 1860 τάς
283 1789 349 1853 τάν
366 1785 541 1874 ἡγεμόνιον
554 1790 757 1876 προαιρέσεις
772 1787 821 1856 ἐπ’
837 1787 1019 1876 ἀμφότερα·
1033 1792 1075 1874 τῇ
1088 1791 1152 1876 μὲν
1172 1790 1238 1877 γάρ
1252 1794 1323 1858 τῶν
1337 1789 1580 1878 ἡμαρτημένων
1592 1791 1774 1879 κατηγορίᾳ
1790 1790 2008 1875 διορθοῦσθαι

201 1893 370 1975 συμβαίνει
397 1891 474 1965 τοὶς
496 1891 549 1960 ἐπί
577 1892 639 1980 τὴν
665 1892 788 1978 όμαίαν
815 1893 1104 1980 καταφερομένους
1126 1893 1276 1980 άγνοιαν,
1304 1897 1345 1978 τῇ
1368 1895 1405 1962 δὲ
1428 1893 1482 1961 ἐπὶ
1505 1895 1576 1960 τῶν
1598 1891 1743 1978 ἀγαθῶν
1766 1892 2009 1981 ἐπιτηδεύματα

201 1992 342 2085 εέφημίᾳ
363 1997 607 2082 προτρέπεσθαι
629 1999 765 2064 πολλῶν
788 1996 849 2074 τάς
870 1997 981 2084 ψυχάς
1001 1997 1085 2083 πρός
1107 1995 1230 2086 ἀρετὴν
1237 1999 1273 2084 ³).

356 2100 484 2165 Eodem
507 2107 657 2183 spectant
678 2104 761 2166 haec
783 2122 919 2184 quoque
939 2104 1044 2167 verba
1065 2103 1218 2167 Diodori:

358 2203 601 2292 Μνησθὴσομαι
635 2207 739 2272 τινων
769 2205 1036 2291 παραδείγματος
1070 2205 1166 2273 ἕνεκα
1200 2206 1257 2272 καί
1290 2203 1427 2272 ἐπαίνου
1464 2205 1595 2271 δικαίου
1631 2204 1688 2270 καὶ
1725 2206 1775 2289 τῷ
1810 2206 1913 2290 κοινῷ
1947 2207 2010 2291 βίῳ

202 2307 437 2394 συμφέροντος,
453 2306 495 2374 ἱν’
508 2305 540 2375 οἱ
550 2309 612 2394 μὲν
621 2311 760 2396 πονηροί
773 2311 843 2376 τῶν
855 2307 1050 2394 ἀνθρώπων
1062 2309 1118 2376 διδ
1132 2312 1190 2398 τῆς
1201 2308 1289 2376 κατὰ
1301 2307 1364 2396 τὴν
1375 2305 1525 2394 ἱστορίαν
1535 2309 1742 2394 βλασφημίας
1753 2305 2010 2393 ἀποτρέπωνται

202 2411 260 2496 τῆς
287 2408 341 2476 ἐπί
368 2410 430 2498 τὴν
457 2413 580 2478 κακίαν
607 2410 721 2498 ὁρμῆς,
750 2409 782 2478 οἱ
809 2412 845 2478 δὲ
872 2411 999 2498 ἀγαθοί
1026 2412 1081 2479 διά
1110 2413 1186 2488 τοὺς
1212 2411 1251 2480 ἐκ
1278 2415 1337 2499 τῆς
1363 2411 1501 2478 αἰωνίου
1522 2412 1609 2498 ζωῆς
1631 2410 1784 2485 ἐπαίνους
1812 2409 2009 2497 ἀντέχεσθαι

204 2516 274 2580 τοῖιν
297 2517 413 2581 καλῶν
435 2513 707 2603 ἐπιτηδευμάτων
729 2513 958 2601 όρέγωνταιί).

357 2619 447 2682 Ηεεο
473 2620 632 2714 verbosi
658 2621 855 2702 respexeris,
883 2623 970 2684 inter
994 2621 1179 2684 Diodorum
1211 2624 1244 2682 et
1268 2621 1437 2684 Valerium
1464 2639 1620 2700 magnam
1651 2620 1782 2683 consilii
1815 2620 2009 2685 affinitatem

203 2723 406 2786 intercedere
433 2723 576 2787 libenter
606 2725 689 2786 mibi
717 2725 889 2788 concedas.
939 2724 1024 2788 Cum
1054 2744 1133 2788 vero
1161 2723 1348 2797 consilium,
1377 2743 1445 2804 quo
1471 2723 1563 2787 illius
1590 2743 1676 2805 opus
1703 2725 1926 2805 conscriptum
1949 2729 2009 2799 est,

201 2845 270 2889 non
297 2827 442 2890 alionum
465 2828 507 2890 ab
529 2828 633 2890 huius
657 2828 795 2893 consilio
818 2834 915 2902 esset,
944 2829 1082 2892 altorum
1105 2829 1240 2892 alterius
1262 2828 1366 2892 libros
1389 2830 1425 2892 in
1448 2848 1547 2891 usum
1563 2828 1738 2891 vocavisse
1757 2829 1869 2908 colligi
1891 2833 2008 2909 potest.

202 2929 287 2993 Nam
314 2932 411 2994 etiam
443 2931 616 3014 Kriegerll
641 2933 706 2995 hoc
732 2935 852 3014 premit
881 2933 944 3008 „in
964 2933 1116 2997 Valerii
1144 2933 1323 2996 fontibus
1350 2923 1607 2996 diudicandi's
1633 2932 1674 2995 id
1702 2933 1867 2997 maxime
1893 2934 2009 2997 nobis

203 3035 494 3098 observandum
517 3054 606 3100 esse
628 3055 715 3098 cum
737 3036 808 3099 illo
830 3037 1086 3118 potissimum
1108 3056 1221 3099 usum
1244 3055 1332 3099 esse
1348 3041 1522 3110 auctore,
1547 3037 1616 3117 qui
1637 3057 1710 3109 res,
1729 3056 1829 3117 quas
1845 3057 2008 3103 comme·

202 3139 418 3202 moratione
441 3139 587 3220 dignas
611 3158 699 3203 esso
721 3145 846 3220 putat,
871 3140 918 3203 ad
940 3142 1074 3222 ipsius
1097 3141 1309 3204 consilium
1333 3145 1451 3221 atque
1473 3161 1587 3204 usum
1615 3141 1824 3222 aptissime
1851 3160 2007 3204 enarra-

203 3241 343 3305 verit“.

358 3344 410 3408 Ob
429 3347 587 3410 moralem
600 3346 709 3428 ipsam
731 3349 901 3421 rationem,
925 3367 1012 3428 quae
1034 3349 1211 3429 utriusque
1234 3348 1404 3430 scriptoris
1427 3348 1538 3411 animo
1561 3347 1764 3419 obversatur,
1788 3344 1852 3408 clio
1873 3365 2009 3429 quoque

203 3469 326 3532 genere
347 3449 518 3514 Diodorus
540 3455 572 3514 et
592 3451 747 3514 Valerius
770 3451 971 3531 conspirant.
1016 3449 1182 3526 Quoniam
1205 3454 1293 3516 enim
1316 3451 1475 3533 oporibus
1499 3451 1570 3514 suis
1592 3451 1630 3513 id
1651 3453 1765 3529 agunt,
1792 3454 1830 3512 ut
1855 3451 2008 3514 hominos

203 3553 245 3618 ad
268 3554 408 3617 virtutes
431 3555 655 3628 adhortentur,
679 3555 845 3636 depellant
867 3555 1003 3630 avitiis,
1020 3555 1126 3620 faeere
1141 3576 1208 3619 non
1223 3563 1374 3637 possunt,
1391 3555 1476 3636 quin
1492 3574 1547 3618 eas
1563 3573 1626 3626 res,
1643 3570 1728 3632 quas
1745 3559 2007 3627 commemorant,

203 3658 233 3721 si
255 3660 415 3722 honestae
438 3664 517 3723 sunt
537 3658 696 3722 laudibus
720 3659 886 3732 extollant,
910 3661 939 3723 si
962 3661 1067 3723 malae
1091 3666 1169 3722 sunt
1190 3660 1403 3722 vehementer
1425 3660 1596 3738 castigent.

357 3762 429 3825 Hoc
455 3782 534 3826 vero
562 3769 595 3826 et
620 3763 738 3844 paucis
766 3769 798 3826 et
824 3763 996 3845 permultis
1023 3764 1136 3826 verbis
1162 3762 1235 3825 fieri
1261 3767 1378 3843 potest.
1428 3761 1580 3823 Valerius
1608 3759 1755 3839 quidem,
1790 3761 1916 3840 quippe
1950 3761 2010 3839 qui

202 3867 304 3929 nimis
337 3865 491 3930 affectum
525 3871 641 3947 captet,
676 3885 775 3947 saepe
801 3871 839 3929 ut
866 3868 1021 3930 virtutem
1048 3865 1225 3929 cuiusdam
1252 3866 1420 3946 praedicet
1444 3864 1531 3926 ultra
1558 3863 1684 3927 iustum
1716 3863 1853 3926 modum
1880 3863 2010 3926 excedit

204 3975 303 4050 atquc
325 3970 362 4032 in
376 3970 502 4033 flumen
517 3971 669 4033 inanium
684 3972 861 4035 verborum
877 3970 1051 4034 delabitur.
1088 3969 1198 4033 Huius
1214 3970 1262 4031 rei
1278 3968 1505 4031 testimonium
1520 3972 1572 4030 est
1587 3967 1776 4047 exemplum
1790 3967 1844 4040 IV,
1861 3967 1882 4030 8
1898 3970 1961 4030 ext.
1978 3969 2008 4040 2,

202 4074 263 4137 ubi
284 4073 341 4137 ille
363 4075 400 4137 in
422 4073 542 4138 Gilliae
564 4073 759 4138 liberalitate
781 4073 950 4137 laudanda
971 4092 1091 4136 vanam
1113 4072 1346 4152 loquacitatem
1369 4091 1449 4153 prae
1472 4091 1508 4134 se
1531 4071 1600 4134 fert.
1642 4071 1753 4133 Huius
1775 4089 1854 4132 vero
1876 4069 2009 4150 generis

202 4178 307 4241 multa
334 4183 413 4241 sunt
440 4178 600 4259 exempla,
628 4177 688 4241 scd
715 4178 812 4259 plura
838 4196 1031 4240 enumerare
1055 4176 1194 4258 longum
1222 4181 1281 4248 est,
1308 4177 1502 4255 praesertim
1525 4195 1600 4238 cum
1622 4175 1688 4237 riri
1710 4173 1799 4237 docti
1822 4173 1863 4236 de
1884 4172 2009 4236 Valerii

203 4300 293 4344 more
314 4301 368 4344 res
392 4281 493 4344 nimis
515 4281 648 4363 garrule
670 4281 855 4345 exornandi
878 4280 968 4344 idem
991 4279 1154 4342 iudicium
1176 4278 1291 4342 ferant.

358 4386 412 4449 Ad
434 4389 522 4450 hanc
545 4392 653 4450 autem
677 4385 956 4448 consuetudinem
978 4384 1124 4464 quodam
1147 4382 1245 4446 modo
1267 4382 1408 4446 Diodori
1430 4381 1599 4445 scribendi
1614 4399 1722 4464 genus
1738 4380 1888 4460 quadrat.
1925 4379 2010 4443 Nam

206 4490 261 4552 hio
284 4508 429 4571 quoque,
452 4495 490 4553 ut
511 4490 613 4553 rebus
636 4489 709 4552 sive
731 4489 910 4570 praeclaris
933 4487 1006 4550 sive
1029 4487 1184 4568 turpibus
1207 4489 1393 4552 animorum
1416 4486 1552 4550 affectus
1573 4485 1702 4560 excitet,
1725 4484 1893 4548 interdum
1915 4483 2011 4564 plura

362 4712 370 4744 ¹
410 4710 442 4769 ct
461 4709 541 4770 Diod.
560 4709 646 4768 Sicl
674 4715 689 4769 1
716 4707 762 4766 fin.

363 4712 385 4884 ²))
415 4815 448 4871 In
474 4813 591 4872 Diodori
617 4751 699 4872 lodis,
713 4812 861 4871 efferendis
890 4812 1041 4871 editionem
1069 4811 1105 4869 ab
1126 4811 1155 4872 J.
1172 4811 1304 4873 Beklrero
1326 4829 1350 4871 a.
1369 4811 1438 4874 1853
1458 4810 1536 4888 Lips.
1552 4809 1726 4886 recognitam
1748 4805 1877 4868 adhibeo.

363 4919 384 4988 ⁸)
413 4937 439 4975 v.
453 4917 533 4976 Diod
546 4916 602 4979 Sic.
614 4918 652 4993 fg.
666 4917 771 4991 xxm,
789 4923 823 4978 23
842 4917 876 4975 V.
886 4922 946 4978 266.

364 5021 388 5093 ⁴)
405 5040 432 5079 v.
450 5020 532 5080 Diod.
546 5019 601 5081 Sic.
619 5021 658 5096 lg.
668 5020 818 5094 XXXVII,
834 5026 853 5081 5
870 5019 978 5088 lt114.

359 5128 381 5208 ί)
413 5125 603 5206 cf.ll.p.‘14.
