4440 5674
438 1345 516 1467 De
555 1343 806 1466 Diodoro
845 1341 1041 1465 Siculo
1079 1339 1299 1465 Valerii
1335 1341 1584 1465 Maximi
1621 1346 1886 1464 auctore.

413 1692 580 1756 Valerium
602 1691 795 1766 Maximum,
825 1693 884 1772 qui
906 1690 1032 1754 Tiberii
1054 1689 1207 1754 Caesaris
1235 1691 1441 1772 temporibus
1469 1690 1557 1754 intra
1578 1709 1705 1754 annum
1727 1685 2063 1753 mistretam.

258 1797 400 1878 (aa-32
414 1816 447 1878 p.
463 1795 541 1861 Ohr.
560 1799 607 1876 n.)
634 1815 755 1860 novem
781 1797 941 1860 factorum
969 1801 1001 1859 et
1027 1796 1190 1859 dictorum
1213 1795 1476 1859 memorabilium
1498 1793 1602 1856 libros
1629 1793 1778 1866 coniecit,
1807 1793 1844 1856 in
1871 1791 2064 1856 enarrandis

259 1901 420 1983 exemplis
446 1899 490 1964 M.
510 1900 612 1963 Tulhi
633 1899 804 1963 Ciceronis
832 1906 864 1964 et
890 1901 926 1964 T.
945 1899 1037 1962 Livii
1059 1919 1160 1981 opera
1186 1901 1383 1981 praecipuos
1410 1899 1517 1962 fontes
1548 1897 1715 1978 delegisse
1744 1897 1809 1960 viri
1841 1897 1930 1960 docti
1938 1899 1970 1976 ¹),
2006 1895 2065 1975 qui

258 2005 383 2069 Valerii
408 2004 601 2068 auctoribus
626 2004 829 2086 indagandis
856 2023 989 2086 operam
1012 2003 1183 2078 dederunt,
1211 2023 1326 2067 omnes
1355 2003 1568 2066 consentiunt
1595 2008 1694 2082 atque
1722 2022 1764 2064 ex
1785 2001 1849 2064 hac
1871 2001 2066 2080 quaestione

260 2129 375 2174 omnes
399 2108 511 2172 Sullae
533 2109 690 2188 aequales
714 2114 746 2172 et
768 2113 906 2172 aetatem
928 2111 1002 2172 eius
1024 2108 1260 2189 praecedentes
1279 2107 1498 2171 removendos
1514 2126 1588 2170 esse
1605 2107 1817 2170 contendunt.
1854 2104 1972 2184 Neque
1987 2123 2065 2166 vero

259 2215 438 2288 Valerium,
456 2215 518 2277 etsi
534 2232 610 2277 eum
626 2233 644 2276 c
658 2213 872 2295 propioribus
895 2232 914 2275 a
937 2232 998 2276 sua
1019 2219 1124 2276 aetate
1147 2212 1339 2276 auctoribus
1355 2210 1548 2276 Ciceronem
1572 2216 1603 2274 et
1616 2209 1753 2273 Livium
1772 2210 1948 2292 primarios
1963 2208 2066 2272 duces

260 2319 297 2381 in
319 2338 417 2400 opere
440 2317 680 2381 conscribendo
697 2322 847 2380 secutum
871 2335 944 2380 esse
966 2335 1165 2398 persuasum
1186 2317 1320 2392 habent,
1344 2336 1387 2380 ex
1405 2316 1497 2379 illius
1519 2315 1718 2395 aequalibus
1743 2316 1841 2378 etiam
1863 2314 1905 2377 M.
1922 2313 2068 2376 Terentii

260 2423 461 2501 Varronis¹)‚
496 2420 532 2484 O.
552 2419 635 2484 Julii
655 2420 849 2500 Caesaries,
884 2419 1267 2502 0.Sa11usrriOrispr⁸).
1302 2441 1344 2485 err
1375 2421 1479 2483 huius
1513 2420 1711 2500 aequalibus
1743 2417 1897 2500 Pompeii
1923 2417 2066 2500 Trogi⁴)‚

261 2523 296 2590 0.
311 2525 395 2590 Julii
416 2523 577 2608 Hyginill
598 2525 702 2589 libros
724 2526 892 2589 interdum
916 2526 954 2588 in
974 2545 1075 2588 usum
1097 2525 1273 2588 vacavisse
1294 2529 1427 2607 negant.

415 2629 545 2704 Livius,
561 2629 719 2711 Hyginus
735 2629 932 2712 Trogusque
947 2629 1095 2714 Augusti
1110 2630 1317 2710 imperatoris
1333 2635 1438 2694 aetate
1453 2648 1553 2710 opera
1568 2647 1630 2692 sua
1645 2633 1910 2709 composuerunt.
1942 2625 2068 2690 Eadem

140 2741 145 2748 '
262 2740 370 2799 autem
392 2739 496 2798 aetate
519 2735 623 2814 inque
646 2734 762 2798 eadem
782 2734 866 2797 urbe
886 2733 1056 2797 Diodorus
1080 2733 1215 2798 Siculus
1238 2737 1387 2798 omnium
1409 2735 1559 2815 gentium
1582 2733 1754 2796 historiam
1770 2729 1895 2796 Graeco
1917 2750 2067 2794 sermone

261 2839 419 2902 exaravit.
469 2837 579 2900 Huius
605 2838 710 2920 igitur
736 2857 820 2918 opus
846 2838 988 2912 Valerio,
1017 2838 1076 2918 qui
1103 2839 1221 2919 paucis
1250 2841 1347 2903 annis
1373 2843 1450 2918 post
1477 2837 1628 2918 exempla
1656 2836 1797 2918 collegit,
1826 2842 1941 2899 notum
1963 2835 2068 2898 inisse

262 2944 384 3022 pariter
405 2947 504 3022 atque
526 2942 658 3006 illorum
681 2943 804 3022 scripta
826 2961 885 3022 per
907 2961 943 3004 se
965 2942 1146 3007 verisimile
1170 2949 1228 3006 est.
1272 2943 1389 3022 itaque
1410 2943 1502 3006 haud
1524 2942 1676 3023 improba
1703 2941 1892 3005 coniectura
1918 2940 2068 3022 diqinare

262 3044 339 3108 licet
360 3045 453 3108 illum
468 3045 606 3109 Diodori
630 3064 765 3126 quoque
786 3045 1021 3109 bibliothecam
1036 3047 1229 3110 historicam
1252 3047 1281 3108 si
1296 3048 1409 3109 minus
1425 3045 1466 3108 ad
1483 3047 1664 3110 domestica
1679 3051 1822 3109 attamen
1838 3045 1880 3108 ad
1894 3046 2070 3127 peregrina

263 3151 410 3214 dictast
436 3149 522 3212 iacta
549 3149 747 3228 explicanda
773 3167 1010 3228 nonnusquam
1037 3149 1242 3223 adhibuisse,
1275 3149 1469 3229 praesertim
1497 3169 1572 3212 oum
1598 3151 1654 3214 hic
1681 3168 1750 3212 non
1776 3149 1888 3211 minua
1914 3148 2070 3212 idoneam

263 3254 431 3318 materiem
459 3271 559 3332 quam
588 3251 717 3333 Trogus
743 3251 794 3314 illi
821 3252 1055 3332 suppeditaret.
1098 3252 1217 3332 Neque
1240 3253 1337 3327 enim,
1362 3272 1566 3334 quamquam
1588 3253 1772 3317 Diodorum
1795 3272 1894 3335 opere
1917 3272 1978 3315 suo
2001 3272 2069 3316 non

262 3363 387 3421 tantam
414 3357 640 3420 auctoritatem
666 3355 823 3437 adeptum
851 3375 934 3429 esse,
970 3361 1095 3436 quanta
1122 3356 1241 3420 Livius
1267 3358 1422 3420 utebatur
1452 3363 1587 3438 propter
1615 3357 1772 3420 historias
1806 3376 1895 3432 suas,
1928 3356 2071 3420 libenter

264 3461 419 3534 concedo,
446 3458 669 3522 dubitandum
695 3458 779 3520 mihi
801 3457 933 3521 videtur
955 3477 1039 3532 ease,
1063 3459 1147 3539 quin
1168 3459 1260 3522 illius
1282 3461 1421 3524 historia
1442 3463 1602 3525 universa
1622 3480 1691 3524 non
1713 3461 1824 3523 minus
1848 3480 1948 3541 quam
1969 3460 2070 3540 Trogi

262 3565 420 3629 historiae
442 3561 652 3643 Philippicae
675 3567 745 3624 turn
760 3563 949 3625 innotuerit
988 3560 1153 3638 Quoniam
1168 3583 1247 3628 vero
1264 3565 1366 3627 huius
1382 3565 1526 3645 vestigia
1541 3564 1631 3646 apud
1646 3563 1825 3638 Valerium,
1842 3565 1904 3627 etsi
1920 3563 2070 3629 Zsoheoh

265 3675 297 3732 et
320 3669 436 3748 aliqua
463 3688 505 3730 ex
530 3672 622 3748 parte
649 3665 792 3748 Krieger
817 3685 894 3730 cum
920 3665 1022 3748 Trogi
1049 3685 1147 3748 opere
1174 3687 1274 3730 nsum
1301 3687 1375 3732 esse
1402 3675 1535 3751 negant,
1569 3669 1731 3750 Kempi⁶)‚
1759 3668 1801 3731 de
1828 3668 2069 3748 Gutsohmid⁷)‚

265 3772 408 3852 Orohnu
419 3773 456 3834 in
466 3770 638 3835 nonnullis
649 3790 725 3836 cum
736 3769 929 3834 domesticis
941 3777 1011 3834 tum
1023 3771 1221 3852 alienigenis
1234 3774 1395 3854 exemplis
1407 3773 1612 3855 deprehendi
1626 3773 1810 3837 luculenter
1824 3772 2069 3837 demonstrave-

221 3941 225 3949 ,
264 3881 351 3950 runt,
374 3875 558 3940 Diodorum
580 3893 716 3955 quoquo
738 3875 781 3938 ab
803 3874 860 3938 illo
882 3879 1069 3955 respectum
1092 3895 1167 3940 esso
1189 3896 1263 3941 meo
1285 3877 1358 3940 iure
1382 3878 1579 3942 concludere
1601 3877 1684 3940 mihi
1706 3877 1833 3941 videor.

421 4045 443 4118 ¹)
471 4043 586 4116 Kampf:
613 4009 842 4100 1111.Μαι.οάἰ1.
860 4044 975 4102 maioris
994 4043 1189 4118 (Berol.1854)
1207 4063 1331 4119 prooem.
1345 4045 1417 4120 cip.
1431 4052 1546 4120 13-173

470 4129 610 4188 Zachach:
638 4130 704 4186 diss.
718 4131 811 4203 inaug.
825 4129 916 4187 Berol.
931 4135 1006 4202 1865,
1026 4149 1070 4204 qu.
1083 4131 1207 4190 inscrib.:
1236 4132 1279 4189 De
1297 4131 1432 4191 Cicerone
1451 4139 1480 4190 et
1496 4133 1579 4192 Livio
1597 4133 1705 4190 Valerii
1723 4133 1838 4191 Maximi
1856 4131 1992 4206 lontibus3

469 4217 577 4360 Kralpz:
594 4215 728 4362 Beffiqassge
742 4234 792 4273 zur
809 4214 1015 4283 Quallankritilr
1029 4216 1078 4274 des
1097 4218 1229 4276 Valerius
1247 4219 1395 4277 Maximus.
1424 4219 1591 4294 Programm
1609 4220 1659 4278 das
1681 4219 2070 4294 Friedr.·Wilhclms·Gymn.

547 4321 616 4361 osen
704 4344 709 4357 .

472 4389 579 4447 Crohn:
607 4389 672 4445 diss.
685 4389 779 4462 inaug.
793 4387 964 4461 Strassburg
982 4391 1064 4448 1882:
1091 4388 1133 4445 De
1152 4389 1238 4463 Trogi
1255 4390 1384 4465 Pompeii
1402 4393 1477 4466 apud
1495 4395 1625 4468 antiquos
1644 4395 1818 4451 auctoritate.

470 4475 603 4550 Kn'eger:
636 4476 702 4534 diss.
719 4477 813 4549 inaug.
831 4475 923 4533 Berol.
941 4479 1017 4547 1888,
1041 4493 1087 4549 qu.
1104 4475 1228 4533 imbrib:
1261 4475 1368 4544 Quibus
1394 4479 1518 4537 sontibus
1541 4480 1576 4537 V.
1593 4479 1631 4535 Μ.
1652 4498 1719 4537 usus
1747 4482 1785 4536 sit
1811 4481 1840 4536 in
1868 4481 1908 4538 eis
1935 4479 2071 4553 exemplis

523 4563 694 4635 enarrandis,
713 4581 785 4636 quae
803 4562 840 4619 ad
857 4564 980 4635 priorem
1002 4581 1096 4619 rerum
1115 4562 1303 4621 Romanarum
1322 4569 1452 4640 tempora
1468 4568 1620 4640 pertinent,
1638 4566 1669 4626 cl
1687 4583 1712 4636 p.
1726 4571 1837 4626 11-27.
1970 4588 1972 4592 ·

422 4647 443 4721 ²)
474 4648 506 4706 ci.
524 4648 655 4722 Kriegeri
672 4648 719 4706 l.l.
738 4667 764 4723 p.
777 4653 889 4709 27-65.

421 4734 444 4804 ⁸)
474 4734 507 4794 cf.
525 4735 647 4810 Kempfli
664 4735 712 4794 l.l.
731 4740 803 4808 pli
822 4740 852 4791 et
870 4739 911 4794 18.

420 4821 444 4895 ¹)
474 4821 507 4881 ci.
525 4820 640 4881 Crohnii
657 4821 704 4883 l.l.
724 4841 750 4895 p.
763 4826 857 4882 7-19.

420 4909 443 4981 ⁶)
473 4908 604 4984 Kriegeri
621 4909 669 4967 l.l.
686 4927 714 4982 p.
727 4913 838 4969 ‹ts-75.

422 4995 444 5064 θ)
473 4996 506 5055 cl.
524 4995 573 5053 tl.
592 5014 618 5068 p.
631 5000 674 5055 21.

421 5081 443 5152 ⁷)
473 5081 505 5140 ci.
524 5067 604 5140 fiber
626 5081 672 5140 die
697 5080 868 5154 Fragmenta
892 5079 943 5138 des
961 5080 1113 5154 Pompcjus
1128 5080 1238 5156 Trogus
1255 5089 1280 5143 2.
1294 5081 1438 5157 Supplem.
1456 5081 1636 5142 Fleckeisens
1647 5083 1827 5142 dahrbiicher
1846 5086 1959 5156 1856le
1976 5104 2002 5159 p.
2016 5090 2074 5145 181.

423 5167 446 5239 ⁸)
475 5169 508 5226 cs.
526 5168 574 5226 l.l.
593 5173 719 5241 psl-19
737 5171 895 5226 etat-37.
1719 5167 1723 5176 ’

1748 5279 1762 5332 1

875 5403 1100 5516 498461
