4440 5674
969 249 1180 313 ..24-

172 465 305 530 Valerio
328 467 385 527 aut
405 463 540 526 Livium
563 467 595 525 et
616 459 801 524 Diodorum
825 459 861 520 in
882 477 983 520 usum
1005 475 1185 520 conversos
1208 475 1283 519 esse
1305 457 1360 530 its,
1380 459 1418 519 ut
1439 455 1489 520 illi
1508 457 1642 539 singula
1655 458 1760 522 verba
1773 475 1811 520 ao
1826 457 1976 540 singulas

174 569 355 634 sententias
378 566 505 630 abhoc
528 566 646 646 petitas
669 565 823 636 adiceret,
847 565 903 624 aut
924 560 1111 625 Diodorum
1135 560 1242 623 solum
1265 559 1452 624 adhibitum
1475 579 1549 625 esse
1572 562 1645 624 iure
1667 581 1741 625 meo
1763 562 1901 625 conicio.

326 671 394 735 Iam
427 669 511 734 mihi
533 668 766 734 disserendum
790 671 839 730 est
861 667 903 729 de
930 663 1093 746 exemplis
1119 664 1177 738 IX,
1200 665 1230 738 2,
1255 669 1320 728 ext.
1338 665 1393 728 1.a
1419 670 1451 728 et
1472 663 1529 740 IX,
1553 666 1583 738 6,
1607 669 1673 728 ext.
1687 665 1715 739 1,
1742 666 1978 745 quaeratione

172 777 316 858 quadam
338 777 425 838 inter
448 794 483 838 se
506 773 691 836 cohaerent.
736 771 796 834 Eis
818 773 1028 851 apponantur
1049 767 1131 831 haec
1153 767 1337 850 fragmenta
1356 768 1511 831 Diodori:

244 926 325 984 Diod.
339 925 393 982 Sic
405 923 515 994 XXIII,
531 929 574 984 30.
600 923 693 980 Tacta.
705 923 768 980 chii.
781 927 806 989 3,
824 926 969 982 356-362.
1340 920 1405 978 Val
1417 918 1491 978 Max
1504 919 1556 990 1x,
1573 924 1599 990 2,
1618 925 1673 978 ext.
1688 926 1743 981 λι.

167 1030 295 1104 Ῥηγούλῳ
312 1031 349 1105 τῷ
361 1029 485 1103 Ῥωμαίῳ
502 1031 531 1084 a·
548 1029 653 1100 Μάρκῳ
670 1029 707 1100 τῷ
724 1025 885 1102 οιρατηλείτη
1153 1062 1428 1084 ..............
1439 1023 1691 1096 Karthagirnienses
1703 1024 1821 1080 Atilium
1839 1023 1978 1098 Regulum

172 1122 365 1192 κατασχεθέντι
383 1117 504 1176 Σικελοῖς
520 1114 596 1188 μάθε
613 1114 643 1171 τί
660 1119 730 1176 τέλος
748 1121 814 1170 οῖον.
1102 1107 1245 1182 palpebris
1263 1111 1380 1166 resectis
1399 1109 1553 1180 machinae,
1575 1111 1604 1165 in
1623 1127 1679 1184 qua
1696 1110 1818 1184 undique
1836 1113 1980 1184 praeacuti

171 1202 205 1260 ui
223 1206 342 1277 βλέφαρα
360 1203 413 1258 τῶν
431 1201 584 1273 ι’νηθιιλμῶν
600 1207 726 1276 μαχαίρᾳ
744 1197 918 1271 conspirate
1101 1195 1208 1251 stimuli
1245 1194 1419 1265 eminebant,
1454 1195 1591 1252 inclusum
1626 1195 1774 1269 vigilantia
1809 1197 1916 1271 pariter
1951 1201 1981 1255 ol

173 1289 355 1362 ιἠνεῳγμένονς
371 1292 465 1343 ελασειν
482 1285 542 1348 τούς
560 1284 717 1358 squammis
735 1289 842 1340 lasiaco.
1102 1281 1234 1337 mnunuo
1262 1284 1354 1338 tractu
1381 1279 1485 1338 doloris
1513 1286 1697 1352 necaverunt,
1728 1285 1861 1340 tormenti
1890 1301 1980 1356 genus

172 1375 258 1450 μικρᾷ
275 1375 304 1430 δι’
321 1375 413 1430 τοῦτον
431 1375 561 1448 εἴρξαντες
577 1371 678 1444 καλὺβη
696 1369 851 1444 οτενοιτιὶτηι,
1102 1366 1177 1424 haud
1196 1366 1313 1442 dignum
1332 1384 1424 1440 passo,
1443 1366 1604 1425 auctoribus
1623 1367 1826 1442 dignissimum.

173 1457 269 1536 ἄγριον
286 1458 495 1534 λξοιστρὴσανεες
511 1461 641 1528 ἐλέφαντα
658 1462 763 1532 θηρίον,
1566 1464 1569 1474 “

172 1550 277 1602 λκίνοον
294 1545 386 1602 τοῦτον
402 1545 468 1602 καθ’
488 1543 570 1600 αὑτοῦ
586 1542 780 1616 σογκαταοτιᾶν
797 1545 843 1598 καί
860 1546 935 1605 ξὲειν.

349 1663 441 1723 Tzetu.
454 1663 517 1721 chil
529 1669 555 1733 3,
572 1667 632 1728 365,
649 1667 709 1734 372,
726 1667 873 1723 378-385.
1361 1658 1424 1717 Val
1435 1659 1510 1717 Max.
1522 1659 1574 1731 1x,
1591 1665 1618 1729 6,
1636 1665 1691 1718 ext
1705 1667 1729 1720 1.

206 1778 262 1834 τοῖς
278 1773 399 1832 Σικελοῖς
415 1771 462 1824 καί
479 1766 638 1830 Ξάνθιππος
656 1765 670 1822 ὃ
690 1763 856 1841 Σπαρτιάτης
873 1766 1009 1836 θνὴοκει..
1022 1809 1049 1822 ..
1154 1762 1262 1820 Verum
1284 1767 1317 1818 ut
1339 1764 1432 1834 ipsum
1458 1762 1564 1820 lontam
1590 1763 1725 1836 perfidiae
1751 1765 1982 1839 contemplemur,

174 1854 373 1934 ὅΣτιαρτιολτης
390 1853 550 1916 ἶοὶνθιτιττος
566 1853 655 1910 ἐλθολν
673 1851 728 1909 ἀπὸ
744 1853 788 1922 τῆς
805 1851 932 1928 Σπάρτης
949 1894 957 1908 .
976 1895 1009 1910 ..
1102 1845 1354 1922 Karthaginienses
1387 1847 1581 1923 Xanthippum
1611 1848 1873 1923 Lacedaemonium,
1903 1853 1981 1909 euius

173 1943 248 2001 ἅπαν
260 1943 405 2015 Ῥωμαίων
422 1941 573 2017 στράτευμα
591 1939 640 1998 οὖν
657 1939 757 2002 τούτοις
774 1937 941 1996 κατακόπτει.
1103 1935 1211 2007 optima
1233 1951 1320 2008 opera
1341 1935 1432 2007 primo
1456 1933 1562 1992 Punico
1585 1934 1661 1992 bello
1683 1937 1727 1992 usi
1750 1935 1862 1994 fuerant
1879 1942 1908 1994 et
1925 1956 1981 2012 quo

173 2036 227 2091 τοῖς
244 2030 460 2104 εὐηργετημένοις
477 2029 505 2082 di
523 2025 570 2095 την
588 2025 705 2102 ἆμοιβην
722 2025 857 2100 λαμβάνει
1103 2022 1219 2077 iuvante
1237 2020 1353 2076 Afihum
1372 2019 1512 2093 Regulum
1530 2026 1672 2094 ceperant,
1685 2022 1849 2080 simulantes
1868 2022 1981 2081 domum

173 2115 254 2177 ἀξίαν
271 2116 318 2169 καί
336 2113 500 2181 κατάλληλον
516 2113 559 2182 τῆς
576 2111 677 2168 τούτων
694 2113 861 2188 δοτιροιιίιις.
1104 2123 1135 2163 se
1161 2105 1306 2172 revehere,
1333 2108 1362 2163 in
1389 2105 1446 2164 alto
1471 2112 1638 2178 merserunt,
1666 2107 1734 2181 quid
1757 2113 1837 2166 tanto
1858 2109 1981 2168 facinore

174 2205 256 2274 πλοίῳ
274 2200 369 2273 σαθρῷ
385 2197 432 2255 τὸν
450 2197 538 2273 ἄνδρα
555 2197 610 2272 γαρ
628 2201 653 2254 ολ
670 2202 765 2274 μικροί
782 2197 908 2268 μολόντες
1103 2191 1254 2266 petentes?
1282 2193 1373 2249 Anne
1382 2193 1518 2250 victoriae
1527 2210 1623 2249 eorum
1636 2195 1729 2251 socius
1742 2195 1922 2268 superesset?
1934 2242 1940 2254 .
1954 2241 1961 2255 .
1975 2239 1981 2252 .

174 2285 227 2342 ono
244 2292 371 2360 στροφαῖς
388 2287 526 2356 βυθίζουσι
543 2283 652 2356 πελάγει
669 2283 833 2360 satisdator

173 2371 351 2442 βοοκὴναντες
368 2369 415 2428 τὸν
432 2369 503 2445 ipsc
521 2373 568 2427 καί
585 2371 677 2428 scitos
693 2370 723 2428 τὸ
739 2377 875 2444 γενναῖον.

173 2459 216 2526 τῆς
234 2462 350 2533 λοτορίας
366 2463 502 2531 μέμνηται
518 2458 594 2525 τῆσδε
612 2460 658 2513 καί
675 2457 719 2528 τῆς
730 2456 870 2532 Ῥηγοιίλοο

175 2543 189 2596 ὁ
205 2543 315 2607 Σικελὸς
330 2543 462 2620 Διόδωρος
480 2589 486 2602 .
506 2587 513 2602 .
531 2584 538 2600 .

329 2703 504 2785 Krieger1)
519 2709 632 2767 censet
647 2704 793 2784 exempli
808 2704 866 2777 IX,
889 2703 919 2777 2,
944 2708 1009 2767 ext.
1028 2705 1056 2768 1.
1080 2705 1191 2784 priore
1214 2711 1307 2785 parte
1329 2705 1455 2769 Valerii
1478 2711 1576 2786 atque
1592 2704 1763 2769 Ciceronis
1780 2707 1829 2786 (in
1842 2707 1911 2771 Pis.
1928 2708 1983 2786 43)

175 2808 258 2871 adeo
279 2808 367 2871 inter
390 2827 425 2872 se
447 2809 621 2871 concinere
637 2807 750 2881 verba,
773 2813 811 2870 ut
832 2808 916 2887 quin
932 2826 975 2871 ex
988 2808 1053 2870 hoc
1067 2809 1123 2871 ille
1139 2810 1281 2889 pendeat
1296 2809 1433 2872 minime
1450 2809 1493 2872 sit
1508 2810 1738 2874 dubitandum.
1773 2809 1980 2889 Quemquam

174 2913 231 2975 ille
254 2931 323 2974 non
342 2911 504 2975 infitiatur
524 2913 783 2976 additamentum
811 2910 894 2974 illud
924 2912 989 2986 ,in
1015 2930 1092 2992 qua
1118 2913 1296 2992 undique
1319 2915 1522 2993 praeacuti
1549 2914 1703 2977 stimuli
1730 2913 1979 2977 eminebant“

175 3016 345 3080 Valerium
368 3016 507 3080 fortasse
530 3037 573 3080 ex
595 3017 659 3080 alio
682 3017 771 3079 fonte
794 3021 965 3096 sumptum
987 3014 1162 3080 Ciceronis
1189 3017 1392 3098 expositioni
1419 3017 1584 3082 iniecisse.
1634 3016 1700 3080 Sed
1728 3017 1858 3080 etiamsi
1885 3036 1983 3097 saepe

174 3121 221 3194 fit,
244 3125 281 3182 ut
304 3120 424 3182 abillo
448 3125 533 3183 totae
557 3121 739 3183 sententiae
762 3125 794 3182 et
816 3120 951 3202 singula
972 3121 1077 3184 verba
1099 3141 1141 3184 ex
1163 3121 1238 3184 aliis
1262 3121 1454 3185 auctoribus
1477 3125 1630 3203 exempta
1651 3123 1851 3194 inserantur,
1875 3128 1984 3184 tamen

174 3225 331 3287 hocloco
354 3225 389 3287 id
412 3223 495 3287 mihi
518 3225 629 3286 minus
652 3223 812 3286 credibile
834 3223 968 3286 videtur
991 3242 1074 3287 esse.
1120 3224 1330 3306 Quapropter
1351 3225 1509 3308 Kriegeri
1531 3225 1714 3288 sententiae
1735 3226 1897 3288 adversor
1917 3244 1985 3287 non

176 3329 288 3391 minus
319 3346 420 3407 quam
447 3327 754 3406 Hildesheimeroll,
788 3328 849 3407 qui
882 3327 945 3390 hoc
978 3329 1167 3408 exemplum
1195 3329 1237 3392 ad
1264 3329 1394 3411 Hygini
1419 3329 1645 3392 auctoritatem
1670 3327 1882 3392 referendum
1910 3347 1984 3392 esse

175 3437 277 3512 putat.
326 3432 380 3494 Ad
406 3450 462 3493 eas
489 3432 679 3504 sententias,
708 3449 793 3510 quas
820 3430 1063 3510 probabilitatis
1086 3433 1231 3512 speciem
1253 3433 1422 3512 quandam
1445 3451 1524 3514 prae
1547 3452 1584 3496 se
1606 3432 1691 3494 ferre
1722 3449 1845 3513 negare
1870 3433 1983 3505 nolim,

176 3539 213 3598 ut
239 3535 391 3599 accedam
418 3553 598 3608 consensu,
626 3534 687 3614 qui
714 3535 801 3596 inter
826 3534 1004 3598 relationes
1032 3537 1104 3598 sive
1132 3535 1304 3600 Ciceronis
1331 3542 1363 3600 et
1389 3536 1515 3600 Valerii
1547 3537 1620 3599 sive
1646 3535 1775 3617 Hygini
1801 3542 1834 3599 et
1858 3535 1984 3599 Valerii

176 3638 358 3711 intercedit,
382 3639 564 3711 convictus,
588 3655 608 3700 a
629 3657 682 3700 me
704 3637 883 3716 impetrare
905 3657 973 3701 non
988 3657 1136 3718 possum,
1153 3641 1348 3720 praesertim
1363 3658 1439 3703 cum
1461 3640 1503 3702 ab
1526 3639 1593 3702 illis
1615 3638 1700 3702 viris
1724 3639 1830 3702 doctis
1844 3638 1986 3702 Diodori

176 3741 394 3806 bibliothecae
416 3743 500 3804 ratio
522 3741 637 3804 habita
657 3758 726 3802 non
748 3740 802 3802 sit.
846 3741 991 3817 Accedit,
1014 3743 1106 3821 quod
1122 3747 1237 3805 auctor
1243 3740 1270 3824 ³)
1285 3744 1326 3806 de
1341 3743 1426 3806 viris
1441 3743 1640 3816 illustribus,
1656 3742 1786 3824 Hygini
1802 3747 1985 3822 excerptor,

176 3848 218 3909 de
240 3845 362 3927 Reguli
384 3846 554 3927 palpebris
576 3843 716 3907 resectis
738 3843 823 3906 nihil
844 3843 988 3924 reform).

330 3950 414 4013 Mihi
436 3949 573 4030 quidem
596 3950 637 4012 de
659 3947 785 4010 Valerii
806 3949 909 4011 huius
931 3947 996 4011 loci
1018 3953 1152 4012 auctore
1175 3968 1274 4031 saepe
1290 3969 1430 4013 numero
1445 3952 1620 4030 quaerenti
1634 3949 1837 4031 premendus
1852 3949 1986 4012 videtur

177 4073 251 4116 esse
278 4074 397 4128 nexus,
424 4073 492 4133 quo
519 4053 642 4135 Reguli
669 4051 871 4131 supplicium
896 4071 972 4115 cum
995 4053 1188 4135 Xanthippi
1208 4059 1313 4118 morte
1335 4055 1372 4117 in
1398 4055 1550 4136 exemplo
1577 4055 1634 4128 IX,
1662 4056 1693 4128 6,
1722 4057 1788 4117 cxl.
1806 4055 1836 4116 1.
1865 4052 1986 4116 abillo

176 4159 403 4239 coniungitur.
437 4157 508 4220 Hoc
531 4157 619 4220 enim
642 4177 711 4219 non
734 4156 841 4219 solum
862 4155 1002 4219 Atilium
1025 4155 1203 4236 Regulum,
1227 4157 1269 4221 de
1291 4177 1359 4238 quo
1382 4178 1434 4224 ex.
1450 4158 1507 4232 IX,
1532 4161 1562 4232 2,
1586 4164 1651 4221 ext.
1669 4159 1698 4220 1.
1721 4157 1800 4220 item
1822 4156 1944 4239 agitur,
1967 4173 1987 4217 a

176 4261 371 4343 Xanthippo
387 4266 518 4341 captum
535 4281 618 4335 esse,
635 4261 696 4324 sed
711 4261 807 4323 etiam
824 4262 922 4333 huno,
939 4278 1014 4323 cum
1029 4259 1071 4324 de
1089 4259 1213 4324 Poenis
1230 4263 1353 4342 optime
1367 4263 1507 4325 meritus
1528 4267 1624 4334 esset,
1641 4262 1776 4324 domum
1791 4260 1986 4322 redeuntem

177 4367 213 4429 in
246 4364 310 4428 alto
343 4383 489 4427 mersum
523 4383 597 4427 esse
625 4365 813 4444 exponitur.
867 4363 918 4424 Ea
943 4383 1024 4426 vero
1051 4382 1106 4425 res
1133 4384 1299 4445 nusquam
1327 4367 1493 4445 reperitur
1523 4365 1592 4427 nisi
1618 4363 1708 4444 apud
1734 4363 1921 4426 Diodorum
1954 4367 1987 4424 et

177 4470 410 4551 Appianum),
434 4486 576 4548 quorum
598 4474 776 4548 utrurmque
798 4486 842 4532 ex
858 4466 974 4530 eodem
989 4470 1122 4531 auctore
1142 4470 1163 4531 i.
1180 4490 1208 4534 e.
1225 4488 1244 4531 e
1264 4468 1399 4532 Philino
1419 4488 1482 4532 sua
1495 4469 1651 4532 hausisse
1666 4467 1765 4531 certis
1780 4467 1985 4549 argumentis

335 4709 346 4742 1

333 4711 356 4916 :l
382 4707 415 4852 ll
433 4708 567 4864 blitiri:
581 4712 803 4867 ‹lii3ilscubitur
814 4791 849 4849 de
862 4793 931 4848 viris
943 4792 1098 4850 illustribus
1111 4792 1189 4850 urbis
1199 4793 1314 4864 Romae,
1328 4794 1507 4867 quaestiones
1521 4793 1678 4850 historicae.
1705 4790 1798 4849 Berol.
1812 4793 1888 4858 1880,
1905 4809 1933 4863 p·
1942 4793 1985 4851 41.

333 4887 355 5038 ‘l
381 4880 621 5041 lirciliffqioque
641 4967 683 5034 (cl.
698 4965 763 5037 Vll,
780 4969 859 5035 2-4)
878 4965 1006 5024 huonon
1023 4967 1156 5039 pertinet,
1175 4966 1242 5039 quia
1259 4965 1413 5040 machinae,
1432 4967 1461 5023 in
1480 4983 1535 5040 qua
1552 4965 1675 5039 undique
1693 4963 1799 5022 stimuli
1817 4962 1987 5033 eminebant,

179 5055 350 5112 mentionem
367 5073 423 5111 non
441 5054 515 5111 lacit.

334 5141 355 5211 Β)
381 5140 414 5197 cl.
433 5139 631 5213 Appiau.Puu.
645 5145 669 5199 4.
