4440 5674
1035 239 1246 306 ..23-

367 467 371 475 ¹
388 450 470 511 ono.
485 445 540 509 se.
553 444 674 513 xxxn
687 453 726 507 11
734 446 820 505 ruo.
839 443 961 519 11111.

300 560 361 619 ’Ότι
378 555 562 622 Μασανάσσης
580 553 594 609 t
610 551 720 621 Auseae
730 548 922 622 pepercissem
933 571 979 606 ναι
993 572 1039 618 την
1050 571 1117 627 πρυς
1237 546 1364 603 Eundem
1392 545 1484 604 lerunt
1505 545 1614 620 aliquot
1639 545 1750 604 horis
1743 567 1771 604 11
1798 545 1896 604 eedem
1926 549 2045 619 vestigio

236 650 382 723 Ῥωμαίους
405 647 499 715 ηιλιάν
521 637 664 715 τετηρηκώς
686 636 840 705 ἐνενήκοντα
862 638 915 710 μέν
936 640 998 705 rere
1020 641 1062 704 11η
1087 641 1117 692 1ν
1169 637 1298 705 perstare
1316 632 1439 704 solitum,
1457 651 1513 689 non
1531 637 1597 690 aute
1615 638 1692 690 moto
1710 633 1782 707 pede
1801 651 1886 706 qnam
1909 634 2046 691 consimili

240 733 364 807 δυνάμει,
390 733 490 791 παῖδας
515 729 579 784 δέκα
604 729 632 781 ἰν
657 725 693 798 τῷ
716 722 931 780 ἀπαλλάττεσθαι
953 723 1116 789 καταλιπών,
1169 718 1296 776 labore
1288 737 1404 776 iuvenes
1428 675 1639 792 terrigenam
1661 721 1686 776 si
1710 719 1777 793 quid
1800 721 1847 793 agi
1869 719 1905 777 ab
1928 719 2046 779 sedente

241 843 285 884 υνς
302 822 348 876 xci
361 818 503 891 Ῥωμαίοις
520 809 739 888 ἐπιτροπεύεσθαι
756 815 957 884 παρεκαῐέθετυ,
976 804 1008 877 ἦν
1025 810 1054 865 cc*
1071 831 1116 865 και
1169 812 1321 880 oporteret.
1348 811 1409 864 toto
1437 807 1482 865 die
1509 825 1594 880 saepe
1621 825 1736 864 numero
1760 807 1894 864 nullam
1887 828 1915 865 111
1937 814 2046 882 partem

241 929 310 963 κατα
328 903 375 974 τὴν
392 927 437 960 του
454 899 577 974 σώματος
593 901 716 954 ευτυνυαν
728 897 863 971 (increper
874 918 921 951 και
933 901 1059 972 καρτεριρ
1071 918 1117 952 και
1170 911 1306 950 converso
1334 910 1449 964 corpore
1476 895 1505 950 in
1532 893 1602 950 solio
1630 892 1755 950 durasse.
1796 893 1847 951 Ille
1870 912 1938 952 vero
1961 897 2046 952 etiam

242 991 334 1052 πόνοις
351 988 466 1056 συνήθης
483 991 512 1043 lx
530 983 664 1045 παιδός·
652 1004 679 1044 ος
695 1001 726 1054 γε
744 1001 808 1044 στας
824 986 853 1038 lv
870 988 925 1044 ταῖς
943 979 1118 1056 1χνισιν11ην
1170 979 1646 1052 exercitusequoiusidensnectem
1660 979 1892 1054 dieiplerumque
1905 981 2046 1054 iungendo

241 1077 289 1148 υῆν
312 1076 414 1151 ἦμὲραν
437 1073 559 1140 ἀκίνητος
580 1073 665 1142 ἔμενε,
689 1068 866 1141 καθιζόμενα
883 1069 956 1124 δὲ’
929 1089 976 1126 ουκ
993 1069 1117 1145 tyrique,
1171 1064 1251 1122 duxit
1268 1065 1393 1139 nihilque
1412 1067 1523 1123 omuino
1543 1083 1577 1122 ex
1590 1066 1633 1123 his
1646 1065 1786 1139 operibus,
1799 1085 1870 1140 quae
1883 1066 2045 1125 adulescens

241 1169 323 1239 μέχρι
341 1159 434 1222 νυκτὸς
451 1156 615 1231 ἐνημερεὺαν
632 1161 690 1217 ταῖς
706 1155 761 1211 τῶν
778 1154 868 1210 πόνων
885 1159 1014 1228 μελέταις,
1035 1159 1078 1211 ἐπὶ
1090 1157 1118 1210 «11
1171 1155 1308 1210 sustinere
1332 1152 1508 1224 adsueverat,
1533 1169 1588 1225 quc
1612 1153 1722 1210 mollius
1744 1157 1918 1210 senectutem
1940 1159 2046 1226 ageret,

242 1248 288 1306 riv
307 1252 390 1304 ἵππον
407 1249 553 1314 ἐπιβαίνων
570 1243 687 1315 συνεχῶς
704 1239 806 1314 ἡμέραν
822 1263 868 1297 και
887 1240 969 1297 νύκτα
992 1244 1039 1296 και
1062 1247 1119 1303 ταῖς
1172 1239 1273 1296 omisit
1311 1237 1430 1295 Veneria
1449 1241 1534 1295 etiarn
1552 1258 1605 1297 usu
1623 1242 1664 1295 ita
1681 1257 1793 1312 semper
1812 1241 1910 1313 viguit,
1933 1245 1965 1296 111
1982 1246 2048 1313 post

242 1338 384 1394 ἱππασίαις
406 1328 548 1407 χρώμενος
571 1327 619 1384 cix
644 1325 762 1389 11111111.
799 1332 909 1398 σημεῖον
935 1326 1019 1382 δι’
990 1348 1033 1395 της
1059 1331 1119 1428 περὶ
1171 1330 1282 1381 sextum
1306 1330 1336 1381 11
1359 1327 1561 1398 octogesimum
1583 1343 1686 1384 annum
1709 1325 1795 1382 fllium
1818 1330 1977 1398 generaret,
2003 1326 2048 1381 cui

242 1411 858 1486 αυτόνιῠεξιαςιικαιϋυνιέμιαςμέγιατσν·
887 1410 1119 1485 trevirensem
1171 1410 1336 1484 Methymno
1354 1430 1456 1468 nomen
1473 1411 1533 1468 suit.
1570 1412 1685 1470 Terram
1704 1429 1822 1486 quoque,
1840 1415 2047 1485 quamvestam

242 1502 338 1580 σχεδὸν
364 1507 435 1578 ἔχων
459 1507 500 1570 11η
526 1499 585 1556 11ὂν
610 1503 667 1575 εἶχε
692 1498 811 1574 τετραετῆ
836 1498 997 1573 decerpam
1019 1499 1048 1574 τῇ
1075 1497 1120 1554 τοῦ
1172 1515 1205 1554 ac
1222 1496 1364 1556 desertam
1382 1503 1536 1571 acceperat,
1549 1503 1686 1572 perpetuo
1705 1499 1831 1556 culturae
1849 1497 1942 1555 studio
1961 1497 2047 1571 frugi·

242 1589 365 1665 σα1ματυς
382 1589 468 1662 ῥώμη.
493 1592 522 1644 ἐν
539 1587 567 1642 di
584 1593 644 1647 ταῖς
655 1584 710 1641 τῶν
721 1584 814 1659 ἀγρῶν
826 1586 987 1657 ἐπιμελείαις
998 1584 1120 1641 τοσοῦτον
1172 1587 1260 1642 leram
1278 1585 1399 1658 reliquit.

242 1674 420 1748 διήνεγκενώς
429 1673 530 1746 ἑκάστῳ
537 1673 591 1729 τῶν
601 1673 665 1728 υἱῶν
670 1671 812 1727 ἀπολιπεῖν
818 1668 904 1745 ἀγρὸν
911 1669 1041 1746 μυριὸπλε
1045 1678 1119 1745 θρον,

242 1765 441 1834 κιαοσμημένυν
470 1759 568 1822 πιέσαις
602 1765 661 1821 ταῖς
689 1761 869 1818 κατασκευαῖς.
914 1759 1063 1826 ἐβασὲλιυσε
1092 1757 1118 1810 δ’

241 1849 379 1919 ἐπιφανῶς
395 1851 438 1915 eq
455 1845 586 1916 ἓξὴιιαντα.

398 1953 505 2032 Quem
527 1955 694 2016 auctorem
716 1951 871 2014 Valerius
893 1951 1064 2031 inpriore
1085 1957 1178 2033 parte
1201 1953 1345 2033 exempli
1367 1952 1582 2027 consuluerit,
1605 1951 1679 2032 ipse
1701 1959 1933 2015 commemorat
1955 1950 2049 2015 Cice·

243 2079 367 2123 renem.
413 2059 465 2121 Ab
493 2078 532 2122 eo
559 2076 639 2119 vero
667 2073 772 2135 panea
797 2055 877 2118 inde
904 2074 924 2118 1
945 2055 1060 2119 vorbis
1086 2055 1217 2130 „nullo
1240 2063 1444 2136 umquam“
1462 2075 1572 2136 usque
1593 2056 1636 2119 ad
1654 2055 1822 2132 „adduci
1844 2056 2046 2136 potuisse“

243 2167 429 2226 mutuatum
452 2163 546 2225 illum
568 2179 644 2224 esse
667 2159 911 2240 comparatione
932 2158 1046 2222 habita
1067 2159 1251 2240 intellegas.
1296 2159 1403 2236 Quem
1426 2165 1535 2223 eutem
1558 2160 1717 2240 deinceps
1740 2165 1874 2222 secutus
1902 2160 1954 2232 sit,
1982 2179 2050 2223 non

245 2267 385 2330 dubium
412 2266 474 2329 tibi
499 2266 571 2338 erit,
601 2265 631 2326 si
656 2262 798 2326 Diodori
824 2263 942 2337 locum,
970 2282 1071 2343 quem
1097 2264 1250 2344 apposui,
1278 2283 1354 2328 eum
1381 2263 1556 2327 Valeriano
1584 2263 1774 2326 contuleris.
1822 2263 1907 2326 Nam
1934 2264 2050 2328 eadem

242 2369 310 2434 fere
335 2389 448 2432 rerum
476 2369 590 2441 series,
618 2368 707 2431 idem
733 2367 979 2430 enuntiatorum
1007 2367 1089 2431 ordo
1113 2367 1295 2448 eademque
1322 2367 1426 2431 verba
1448 2367 1538 2448 apud
1560 2371 1739 2446 utrumque
1761 2367 1911 2430 redeunt.
1957 2365 2048 2442 Quin

243 2475 351 2547 etiam,
379 2477 461 2553 quot
487 2491 592 2536 annes
620 2472 799 2534 Masinissa
824 2471 989 2534 Numidas
1015 2471 1149 2546 rexerit,
1178 2472 1255 2535 inde
1281 2472 1437 2536 Valerius
1464 2472 1626 2552 petivisse
1654 2472 1795 2536 videtur.
1843 2471 1893 2533 Ea
1928 2475 2047 2546 autem,

243 2595 328 2657 quae
350 2577 441 2657 apud
461 2576 552 2640 hunc
575 2575 683 2640 solum
705 2574 1012 2655 deprehenduntur,
1036 2577 1166 2656 partim,
1195 2576 1299 2639 veluti
1321 2576 1424 2640 verba
1450 2575 1529 2640 inde
1557 2594 1577 2638 a
1606 2595 1707 2650 „non
1733 2579 1844 2638 ante“
1874 2594 1984 2655 usque
2006 2574 2049 2637 ad

247 2681 517 2762 „fatigarent“,
540 2679 632 2743 haud
655 2679 723 2742 seio
750 2697 794 2742 an
819 2678 861 2741 ab
891 2699 929 2742 eo
957 2699 1000 2742 ex
1032 2679 1141 2759 ipsius
1169 2681 1307 2760 ingenio
1328 2681 1451 2744 iniecta
1472 2681 1548 2754 sint,
1577 2680 1706 2760 partim,
1729 2678 1821 2743 velut
1846 2699 1966 2742 nomeu
1989 2678 2050 2742 filii

243 2783 437 2866 Methymni‚
465 2804 508 2847 ex
533 2784 675 2848 Diodori
701 2803 802 2862 opere
828 2785 956 2857 hausta,
985 2783 1082 2846 euius
1109 2785 1202 2846 loeus
1234 2805 1304 2848 non
1336 2785 1465 2866 integer
1498 2784 1540 2846 ab
1575 2789 1768 2864 excerptore
1802 2787 1955 2847 servatus
1989 2789 2049 2847 est.

243 2887 373 2964 Quodsi
394 2907 517 2953 nomen
538 2887 686 2952 Diodoro
709 2886 837 2950 auctori
858 2887 1106 2951 attribuendum
1130 2893 1189 2962 est,
1212 2888 1305 2952 Livii
1326 2888 1504 2951 auctoritas
1527 2888 1651 2950 maiore
1673 2887 1916 2966 probabilitatis
1939 2890 2050 2969 specie

242 2993 409 3073 removeri
430 2997 547 3072 potest.
585 2991 669 3054 Nam
691 2992 747 3054 hic
768 3010 914 3071 quoque,
937 2997 974 3054 ut
996 3013 1039 3056 ex
1062 2994 1205 3071 epitoma
1226 2991 1348 3055 libriL
1371 2992 1613 3077 cognoscimus,
1629 2991 1793 3072 permulta
1815 2993 1856 3056 de
1871 2992 2050 3056 Masinissa

244 3116 324 3160 sene
346 3096 534 3176 explicavit.
571 3095 656 3158 Cum
678 3113 758 3158 vero
781 3095 817 3156 in
839 3096 956 3174 quinta
978 3094 1101 3158 decede
1115 3097 1344 3177 componenda
1358 3096 1494 3159 Livium
1508 3094 1689 3176 Polybium
1705 3095 1915 3176 potissimum
1932 3098 2050 3160 ducem

244 3201 341 3280 sequi
363 3201 444 3264 satis
466 3204 599 3263 constet.
614 3203 713 3278 atque
735 3196 821 3276 hic¹)
843 3197 958 3260 ultimo
981 3199 1031 3260 illi
1052 3198 1249 3264 Masinissae
1272 3199 1340 3262 lilio
1362 3219 1484 3262 nomen
1507 3198 1707 3284 Στέμβαυον
1728 3200 1792 3274 det,
1820 3201 2050 3282 Methymnum

242 3303 407 3376 Valerius,
430 3305 520 3367 hune
541 3303 676 3366 Livium
699 3302 762 3364 hoc
783 3300 855 3364 loeo
878 3302 915 3364 in
935 3321 1036 3364 usum
1059 3323 1156 3366 suurn
1181 3304 1386 3367 convertisse
1408 3303 1520 3366 minus
1543 3303 1702 3368 credibile
1725 3309 1784 3366 111.

398 3406 561 3486 Exemplo
588 3407 646 3479 IX,
674 3405 703 3478 1,
731 3406 830 3468 extl
861 3404 1037 3469 aValcrio
1065 3408 1259 3486 exponitur,
1293 3406 1459 3487 quomodo
1487 3404 1657 3486 Campana
1683 3407 1819 3479 luxuria
1852 3406 2050 3472 Hannibalis

244 3512 386 3575 militum
401 3511 542 3574 virtutes
558 3514 657 3589 atque
672 3509 763 3571 viras
779 3509 899 3571 fractae
915 3509 991 3572 sint.
1027 3508 1112 3572 Cum
1127 3530 1166 3573 eo
1189 3531 1269 3574 vero
1284 3511 1475 3575 conferendi
1498 3515 1578 3574 eunt
1598 3511 1635 3573 hi
1657 3511 1722 3574 loei
1742 3511 1833 3573 Livii
1848 3517 1880 3575 11
1894 3511 2049 3575 Diodori:

917 3643 999 3702 Diod.
1013 3643 1068 3702 Sic.
1080 3644 1190 3715 XXVI,
1209 3651 1248 3715 15,
1265 3647 1301 3703 H.
1315 3652 1374 3706 111.
1586 3645 1650 3703 Vat
1663 3645 1735 3702 Max.
1748 3645 1799 3715 IX,
1818 3652 1842 3716 1,
1861 3651 1953 3706 1111.

917 3749 1024 3824 Τρυφῆς
1038 3771 1093 3824 γαρ
1112 3769 1237 3825 συνεχσυς
1250 3773 1296 3807 και
1289 3752 1433 3826 μαλακῆς
1537 3750 1578 3806 Ac
1606 3749 1749 3824 Campana
1777 3751 1888 3808 luxuria
1916 3769 2051 3826 perquam

552 3834 708 3892 .Senrnus
736 3835 811 3890 enim
863 3856 938 3903 ευνης
948 3839 994 3890 και
1003 3857 1099 3911 μυραν
1107 3844 1242 3893 παντσιυιν
1251 3859 1296 3893 και
1305 3858 1433 3899 παντυιας
1485 3837 1562 3894 utilis
1575 3843 1689 3894 nestrae
1706 3839 1815 3895 civitati
1832 3838 1898 3896 fuit.
1915 3840 2051 3896 invictum

246 3927 276 3978 et
287 3939 383 3977 viuum
395 3925 425 3977 et
437 3919 537 3992 epulae
553 3924 689 3977 11111111
704 3918 811 3976 baline-
863 3921 959 3996 speeie
977 3922 1173 3979 πολυτέλεια
1144 3945 1192 3991 την
1209 3926 1262 3996 μὲν
1279 3922 1364 3992 α’λκην
1387 3946 1432 3980 και
1486 3925 1559 3982 anim
1582 3925 1667 3980 armis
1690 3922 1877 3982 Hannibalem
1901 3923 2051 3982 inlecebris

246 4025 319 4081 aque
337 4013 366 4064 et
384 4007 472 4064 etium
485 4005 711 4065 111111111111111Ι
704 4025 732 4062 m
751 4005 812 4062 dies
864 4004 965 4075 συνήθη
983 4006 1038 4063 τῶν
1056 4009 1183 4063 drarev‘
1170 4030 1307 4083 υπαμυνην
1325 4013 1432 4075 ἐξέλυσε,
1485 4013 1544 4067 suis
1567 4010 1703 4084 conplexa
1731 4010 1898 4068 viucendum
1924 4011 2052 4068 Romane

245 4093 375 4151 blandius
397 4094 438 4149 111
461 4098 668 4149 enervaverunt
694 4109 813 4165 corpora
864 4113 896 4147 rc
889 4091 937 4148 di
950 4113 1062 4165 συματα
1073 4115 1119 4149 και
1133 4093 1224 4169 ψυχας
1235 4101 1272 4158 εἰς
1280 4093 1433 4167 γυναικωδη
1485 4097 1569 4153 militi
1586 4097 1711 4154 tradidit.
1739 4097 1793 4154 1111
1805 4098 2051 4171 vrgrlantrssrmum

246 4181 418 4253 animosque,
431 4183 463 4236 ut
481 4177 573 4250 magis
587 4177 811 4252 deindepraete·
865 4180 911 4233 net
929 4176 1064 4253 τρυηεράν
1082 4178 1207 4236 διάθεσιν
1225 4185 1386 4253 μετέστησιν.
1485 4183 1592 4254 ducem,
1621 4183 1669 4240 illa
1700 4186 1853 4241 exercitum
1886 4185 2052 4242 acerrimum

245 4268 317 4322 ritae
335 4268 470 4324 victoriae
489 4283 537 4323 ees
551 4283 633 4339 quam
647 4269 812 4338 praesentes
1485 4269 1604 4343 dapibus
1644 4270 1745 4343 largis,
1785 4270 1939 4328 abundanti
1978 4273 2051 4342 vino,

245 4356 405 4409 tutarentur
423 4353 507 4422 vires,
525 4395 532 4408 .
552 4394 584 4410 ..
1485 4362 1693 4430 unguentorum
1701 4357 1865 4431 fragrantia,
1875 4360 1987 4415 veneris
1999 4377 2052 4416 usu

1485 4443 1634 4501 lasciviore
1661 4444 1698 4501 ad
1724 4463 1852 4502 somnum
1880 4451 1910 4501 et
1938 4445 2052 4503 delicias

1486 4531 1617 4586 evocavit
1630 4571 1794 4590 .......

399 4613 553 4678 Valerius
576 4613 692 4678 eadem
714 4615 782 4677 lore
804 4615 895 4688 vitia,
919 4613 1045 4692 quibus
1066 4612 1368 4696 Karthaginienses
1391 4619 1592 4702 serviebant,
1620 4627 1791 4684 enumerat
1813 4639 1899 4702 quae
1921 4621 2051 4698 Livius,

246 4723 283 4781 ut
309 4718 364 4780 ille
393 4737 435 4780 ex
462 4719 565 4781 huius
593 4737 693 4798 opere
720 4719 910 4798 exemplum
937 4717 1186 4798 deprompsisse
1213 4718 1375 4782 videatur.
1420 4721 1464 4783 At
1490 4741 1576 4803 quae
1603 4724 1792 4788 Valerianis
1819 4728 1933 4791 verbis
1959 4748 2051 4804 „un-

246 4827 481 4904 guentorum
505 4821 750 4904 [1111111111ιι
775 4820 999 4900 respondeant
1021 4820 1111 4900 apud
1132 4820 1268 4884 Livium
1292 4821 1415 4887 frustra
1436 4845 1588 4906 quaeras.
1622 4827 1706 4890 Mihi
1721 4830 1857 4908 quidem
1879 4831 1935 4894 illa
1950 4832 2053 4895 verba

246 4925 289 4988 ad
310 4924 451 4989 Diodori
476 4922 633 5012 ,μίρων
653 4925 856 4992 παντοίων
869 4972 875 4986 .
890 4970 897 4986 .
913 4924 1188 4992 .πολυτέλ1ια“
1208 4927 1319 4990 redire
1334 4927 1432 5009 plane
1454 4930 1624 5012 probatur.
1659 4931 1789 5008 Quodsi
1811 4954 1927 4998 verum
1950 4941 2010 5011 111,
2034 4956 2053 4998 e

405 5131 422 5200 ι)
440 5129 473 5186 er.
492 5129 643 5198 xxxvn,
660 5136 685 5189 s.
