<?xml version="1.0" encoding="UTF-8"?>
<!DOCTYPE html PUBLIC "-//W3C//DTD XHTML 1.0 Transitional//EN"
    "http://www.w3.org/TR/xhtml1/DTD/xhtml1-transitional.dtd">
<html xmlns="http://www.w3.org/1999/xhtml" xml:lang="en" lang="en">
 <head>
  <title>
</title>
<meta http-equiv="Content-Type" content="text/html;charset=utf-8" />
  <meta name='ocr-system' content='tesseract 3.04.00' />
  <meta name='ocr-capabilities' content='ocr_page ocr_carea ocr_par ocr_line ocrx_word'/>
</head>
<body>
  <div class='ocr_page' id='page_1' title='image "./dediodorosiculo00mairgoog_0019.png"; bbox 0 0 4440 5674; ppageno 0'>
   <div class='ocr_carea' id='block_1_1' title="bbox 999 253 1210 316">
    <p class='ocr_par' dir='ltr' id='par_1_1' title="bbox 999 253 1210 316">
     <span class='ocr_line' id='line_1_1' title="bbox 999 253 1210 316; baseline -0.009 -18"><span class='ocrx_word' id='word_1_1' title='bbox 999 253 1210 316; x_wconf 74' lang='lat'>-12-</span> 
     </span>
    </p>
   </div>
   <div class='ocr_carea' id='block_1_2' title="bbox 354 451 2007 540">
    <p class='ocr_par' dir='ltr' id='par_1_2' title="bbox 354 451 2007 540">
     <span class='ocr_line' id='line_1_2' title="bbox 354 451 2007 540; baseline 0.005 -26"><span class='ocrx_word' id='word_1_2' title='bbox 354 451 421 530; x_wconf 81' lang='lat' dir='ltr'><strong>Qui</strong></span> <span class='ocrx_word' id='word_1_3' title='bbox 447 455 510 516; x_wconf 91' lang='lat' dir='ltr'><strong>hos</strong></span> <span class='ocrx_word' id='word_1_4' title='bbox 537 454 628 517; x_wconf 92' lang='lat' dir='ltr'><strong>locos</strong></span> <span class='ocrx_word' id='word_1_5' title='bbox 650 454 828 538; x_wconf 70' lang='lat' dir='ltr'>diligenter</span> <span class='ocrx_word' id='word_1_6' title='bbox 849 457 885 520; x_wconf 90' lang='lat' dir='ltr'><strong>in</strong></span> <span class='ocrx_word' id='word_1_7' title='bbox 908 459 1184 540; x_wconf 74' lang='lat' dir='ltr'><strong>comparationem</strong></span> <span class='ocrx_word' id='word_1_8' title='bbox 1207 457 1384 529; x_wconf 83' lang='lat' dir='ltr'><strong>vocaverit,</strong></span> <span class='ocrx_word' id='word_1_9' title='bbox 1409 457 1450 520; x_wconf 91' lang='lat' dir='ltr'><strong>de</strong></span> <span class='ocrx_word' id='word_1_10' title='bbox 1473 477 1587 520; x_wconf 91' lang='lat' dir='ltr'><strong>eorum</strong></span> <span class='ocrx_word' id='word_1_11' title='bbox 1609 459 1768 522; x_wconf 88' lang='lat' dir='ltr'><strong>universa</strong></span> <span class='ocrx_word' id='word_1_12' title='bbox 1789 463 1822 524; x_wconf 88' lang='lat' dir='ltr'><strong>et</strong></span> <span class='ocrx_word' id='word_1_13' title='bbox 1842 478 1953 524; x_wconf 78' lang='lat' dir='ltr'><strong>aarum</strong></span> <span class='ocrx_word' id='word_1_14' title='bbox 1975 465 2007 523; x_wconf 89' lang='lat' dir='ltr'><strong>et</strong></span> 
     </span>
    </p>
   </div>
   <div class='ocr_carea' id='block_1_3' title="bbox 199 557 2006 1354">
    <p class='ocr_par' dir='ltr' id='par_1_3' title="bbox 201 557 2006 645">
     <span class='ocr_line' id='line_1_3' title="bbox 201 557 2006 645; baseline 0.006 -27"><span class='ocrx_word' id='word_1_15' title='bbox 201 557 375 621; x_wconf 90' lang='lat' dir='ltr'><strong>verborum</strong></span> <span class='ocrx_word' id='word_1_16' title='bbox 403 557 623 621; x_wconf 73' lang='lat' dir='ltr'><strong>consensione</strong></span> <span class='ocrx_word' id='word_1_17' title='bbox 651 577 720 622; x_wconf 93' lang='lat' dir='ltr'><strong>non</strong></span> <span class='ocrx_word' id='word_1_18' title='bbox 746 560 901 644; x_wconf 84' lang='lat' dir='ltr'><strong>ambiget.</strong></span> <span class='ocrx_word' id='word_1_19' title='bbox 947 561 1091 628; x_wconf 86' lang='lat' dir='ltr'><strong>Maxime</strong></span> <span class='ocrx_word' id='word_1_20' title='bbox 1117 584 1197 628; x_wconf 90' lang='lat' dir='ltr'><strong>vero</strong></span> <span class='ocrx_word' id='word_1_21' title='bbox 1219 563 1305 624; x_wconf 88' lang='lat' dir='ltr'><strong>inter</strong></span> <span class='ocrx_word' id='word_1_22' title='bbox 1330 579 1368 624; x_wconf 88' lang='lat' dir='ltr'><strong>se</strong></span> <span class='ocrx_word' id='word_1_23' title='bbox 1390 561 1581 641; x_wconf 87' lang='lat' dir='ltr'><strong>conspirant</strong></span> <span class='ocrx_word' id='word_1_24' title='bbox 1602 563 1685 627; x_wconf 83' lang='lat' dir='ltr'><strong>haec</strong></span> <span class='ocrx_word' id='word_1_25' title='bbox 1706 563 1809 626; x_wconf 85' lang='lat' dir='ltr'><strong>verbe</strong></span> <span class='ocrx_word' id='word_1_26' title='bbox 1830 563 2006 645; x_wconf 87' lang='lat' dir='ltr'><strong>utriusque</strong></span> 
     </span>
    </p>

    <p class='ocr_par' dir='ltr' id='par_1_4' title="bbox 201 661 384 742">
     <span class='ocr_line' id='line_1_4' title="bbox 201 661 384 742; baseline -0.005 -19"><span class='ocrx_word' id='word_1_27' title='bbox 201 661 384 742; x_wconf 87' lang='lat' dir='ltr'><strong>scriptoris:</strong></span> 
     </span>
    </p>

    <p class='ocr_par' dir='ltr' id='par_1_5' title="bbox 199 760 2006 841">
     <span class='ocr_line' id='line_1_5' title="bbox 199 760 2006 841; baseline 0.003 -22"><span class='ocrx_word' id='word_1_28' title='bbox 199 760 311 832; x_wconf 70' lang='grc' dir='ltr'><strong><em>ᾐτήσατο</em></strong></span> <span class='ocrx_word' id='word_1_29' title='bbox 328 760 402 836; x_wconf 86' lang='grc' dir='ltr'><strong><em>παρά</em></strong></span> <span class='ocrx_word' id='word_1_30' title='bbox 420 763 466 818; x_wconf 77' lang='grc' dir='ltr'><strong>τοῦ</strong></span> <span class='ocrx_word' id='word_1_31' title='bbox 481 769 619 818; x_wconf 74' lang='grc' dir='ltr'><em>Διονυσίου</em></span> <span class='ocrx_word' id='word_1_32' title='bbox 633 761 735 838; x_wconf 77' lang='grc' dir='ltr'><strong><em>χρόνον</em></strong></span> <span class='ocrx_word' id='word_1_33' title='bbox 751 770 789 827; x_wconf 86' lang='grc' dir='ltr'><strong>οίς</strong></span> <span class='ocrx_word' id='word_1_34' title='bbox 805 764 835 822; x_wconf 70' lang='grc' dir='ltr'><strong>τά</strong></span> <span class='ocrx_word' id='word_1_35' title='bbox 852 769 912 840; x_wconf 78' lang='grc' dir='ltr'><strong><em>περι·</em></strong></span> <span class='ocrx_word' id='word_1_36' title='bbox 929 769 983 824; x_wconf 76' lang='grc' dir='ltr'><strong><em>σάν</em></strong></span> <span class='ocrx_word' id='word_1_37' title='bbox 999 769 1077 826; x_wconf 69' lang='grc' dir='ltr'><strong><em>ίσιοιν</em></strong></span> <span class='ocrx_word' id='word_1_38' title='bbox 1129 771 1214 841; x_wconf 86' lang='lat' dir='ltr'><strong>atque</strong></span> <span class='ocrx_word' id='word_1_39' title='bbox 1231 767 1256 823; x_wconf 92' lang='lat' dir='ltr'><strong>is</strong></span> <span class='ocrx_word' id='word_1_40' title='bbox 1270 771 1381 838; x_wconf 86' lang='lat' dir='ltr'><strong>tempus</strong></span> <span class='ocrx_word' id='word_1_41' title='bbox 1400 763 1435 820; x_wconf 88' lang='lat' dir='ltr'><strong>ab</strong></span> <span class='ocrx_word' id='word_1_42' title='bbox 1454 782 1496 836; x_wconf 92' lang='lat' dir='ltr'><strong>eo,</strong></span> <span class='ocrx_word' id='word_1_43' title='bbox 1510 782 1564 838; x_wconf 93' lang='lat' dir='ltr'><strong>quo</strong></span> <span class='ocrx_word' id='word_1_44' title='bbox 1582 766 1660 838; x_wconf 88' lang='lat' dir='ltr'><strong>prius</strong></span> <span class='ocrx_word' id='word_1_45' title='bbox 1673 782 1756 838; x_wconf 86' lang='lat' dir='ltr'><strong>quam</strong></span> <span class='ocrx_word' id='word_1_46' title='bbox 1774 765 1881 840; x_wconf 90' lang='lat' dir='ltr'><strong>periret</strong></span> <span class='ocrx_word' id='word_1_47' title='bbox 1893 766 2006 825; x_wconf 88' lang='lat' dir='ltr'><strong>domum</strong></span> 
     </span>
    </p>

    <p class='ocr_par' dir='ltr' id='par_1_6' title="bbox 200 846 1829 927">
     <span class='ocr_line' id='line_1_6' title="bbox 200 846 1829 927; baseline 0.004 -25"><span class='ocrx_word' id='word_1_48' title='bbox 200 846 327 922; x_wconf 72' lang='grc' dir='ltr'><strong><em>πρότερον</em></strong></span> <span class='ocrx_word' id='word_1_49' title='bbox 345 846 363 904; x_wconf 80' lang='grc' dir='ltr'><strong><em>ά</em></strong></span> <span class='ocrx_word' id='word_1_50' title='bbox 380 847 500 916; x_wconf 63' lang='lat' dir='ltr'><strong>flathrae</strong></span> <span class='ocrx_word' id='word_1_51' title='bbox 518 849 656 918; x_wconf 77' lang='grc' dir='ltr'><strong><em>άιοικίησαι,</em></strong></span> <span class='ocrx_word' id='word_1_52' title='bbox 1129 853 1271 927; x_wconf 83' lang='lat' dir='ltr'><strong>profectus</strong></span> <span class='ocrx_word' id='word_1_53' title='bbox 1294 870 1339 910; x_wconf 86' lang='lat' dir='ltr'><strong>ras</strong></span> <span class='ocrx_word' id='word_1_54' title='bbox 1358 868 1423 908; x_wconf 90' lang='lat' dir='ltr'><strong>suas</strong></span> <span class='ocrx_word' id='word_1_55' title='bbox 1442 850 1593 922; x_wconf 81' lang='lat' dir='ltr'><strong>ordinaret,</strong></span> <span class='ocrx_word' id='word_1_56' title='bbox 1611 852 1829 924; x_wconf 71' lang='lat' dir='ltr'><strong>impetravisset,</strong></span> 
     </span>
    </p>

    <p class='ocr_par' dir='ltr' id='par_1_7' title="bbox 199 931 2006 1083">
     <span class='ocr_line' id='line_1_7' title="bbox 199 931 2006 1010; baseline 0.004 -22"><span class='ocrx_word' id='word_1_57' title='bbox 199 931 303 996; x_wconf 74' lang='grc' dir='ltr'><strong><em>άςοάάι·</em></strong></span> <span class='ocrx_word' id='word_1_58' title='bbox 321 931 449 996; x_wconf 71' lang='grc' dir='ltr'><strong><em>διστάσας</em></strong></span> <span class='ocrx_word' id='word_1_59' title='bbox 466 938 561 1006; x_wconf 75' lang='grc' dir='ltr'><strong>ἔγγυος</strong></span> <span class='ocrx_word' id='word_1_60' title='bbox 577 935 658 998; x_wconf 64' lang='lat' dir='ltr'><strong>aseer</strong></span> <span class='ocrx_word' id='word_1_61' title='bbox 675 936 786 1010; x_wconf 70' lang='grc' dir='ltr'><strong>ἐγενηθη</strong></span> <span class='ocrx_word' id='word_1_62' title='bbox 804 937 932 995; x_wconf 66' lang='grc' dir='ltr'><strong><em>θανάτου.</em></strong></span> <span class='ocrx_word' id='word_1_63' title='bbox 1129 938 1201 996; x_wconf 86' lang='lat' dir='ltr'><strong>alter</strong></span> <span class='ocrx_word' id='word_1_64' title='bbox 1233 938 1334 996; x_wconf 83' lang='lat' dir='ltr'><strong>vadem</strong></span> <span class='ocrx_word' id='word_1_65' title='bbox 1361 955 1393 994; x_wconf 88' lang='lat' dir='ltr'><strong>se</strong></span> <span class='ocrx_word' id='word_1_66' title='bbox 1423 954 1474 1010; x_wconf 93' lang='lat' dir='ltr'><strong>pro</strong></span> <span class='ocrx_word' id='word_1_67' title='bbox 1501 936 1594 994; x_wconf 90' lang='lat' dir='ltr'><strong>reditu</strong></span> <span class='ocrx_word' id='word_1_68' title='bbox 1621 939 1681 994; x_wconf 89' lang='lat' dir='ltr'><strong>eius</strong></span> <span class='ocrx_word' id='word_1_69' title='bbox 1708 942 1828 1010; x_wconf 90' lang='lat' dir='ltr'><strong>tyranno</strong></span> <span class='ocrx_word' id='word_1_70' title='bbox 1855 938 1923 996; x_wconf 83' lang='lat' dir='ltr'><strong>dare</strong></span> <span class='ocrx_word' id='word_1_71' title='bbox 1950 957 2006 997; x_wconf 93' lang='lat' dir='ltr'><strong>non</strong></span> 
     </span>
     <span class='ocr_line' id='line_1_8' title="bbox 1129 1026 1279 1083; baseline -0.013 0"><span class='ocrx_word' id='word_1_72' title='bbox 1129 1026 1279 1083; x_wconf 86' lang='lat' dir='ltr'><strong>dubitaret</strong></span> 
     </span>
    </p>

    <p class='ocr_par' dir='ltr' id='par_1_8' title="bbox 199 1107 1903 1186">
     <span class='ocr_line' id='line_1_9' title="bbox 199 1107 1903 1186; baseline 0.004 -24"><span class='ocrx_word' id='word_1_73' title='bbox 199 1107 269 1169; x_wconf 73' lang='grc' dir='ltr'><strong><em>τινὲς</em></strong></span> <span class='ocrx_word' id='word_1_74' title='bbox 285 1108 314 1162; x_wconf 76' lang='lat' dir='ltr'><strong>di</strong></span> <span class='ocrx_word' id='word_1_75' title='bbox 331 1107 377 1162; x_wconf 80' lang='lat' dir='ltr'><strong>rori</strong></span> <span class='ocrx_word' id='word_1_76' title='bbox 396 1107 494 1180; x_wconf 72' lang='grc' dir='ltr'><em>ὲγγάον</em></span> <span class='ocrx_word' id='word_1_77' title='bbox 511 1112 669 1183; x_wconf 72' lang='grc' dir='ltr'><strong>προπέτειαν</strong></span> <span class='ocrx_word' id='word_1_78' title='bbox 688 1115 736 1166; x_wconf 78' lang='grc' dir='ltr'><strong><em>καί</em></strong></span> <span class='ocrx_word' id='word_1_79' title='bbox 756 1117 862 1182; x_wconf 83' lang='grc' dir='ltr'><strong><em>μανίαν</em></strong></span> <span class='ocrx_word' id='word_1_80' title='bbox 871 1119 1076 1186; x_wconf 76' lang='grc' dir='ltr'><strong><em>κατεγίνωσκον.</em></strong></span> <span class='ocrx_word' id='word_1_81' title='bbox 1129 1113 1267 1168; x_wconf 75' lang='lat' dir='ltr'><strong>stultitiae</strong></span> <span class='ocrx_word' id='word_1_82' title='bbox 1285 1117 1342 1168; x_wconf 84' lang='lat' dir='ltr'><strong>tam</strong></span> <span class='ocrx_word' id='word_1_83' title='bbox 1361 1111 1540 1168; x_wconf 86' lang='lat' dir='ltr'><strong>temerarium</strong></span> <span class='ocrx_word' id='word_1_84' title='bbox 1559 1127 1724 1183; x_wconf 77' lang='lat' dir='ltr'><strong>sponsorem</strong></span> <span class='ocrx_word' id='word_1_85' title='bbox 1743 1110 1903 1169; x_wconf 88' lang='lat' dir='ltr'><strong>damnabat.</strong></span> 
     </span>
    </p>

    <p class='ocr_par' dir='ltr' id='par_1_9' title="bbox 199 1192 2005 1274">
     <span class='ocr_line' id='line_1_10' title="bbox 199 1192 2005 1274; baseline 0.004 -26"><span class='ocrx_word' id='word_1_86' title='bbox 199 1192 265 1268; x_wconf 77' lang='grc' dir='ltr'><strong><em>πρὸς</em></strong></span> <span class='ocrx_word' id='word_1_87' title='bbox 277 1195 305 1249; x_wconf 80' lang='lat' dir='ltr'><strong>‹n&#39;</strong></span> <span class='ocrx_word' id='word_1_88' title='bbox 317 1192 364 1262; x_wconf 75' lang='grc' dir='ltr'><strong>την</strong></span> <span class='ocrx_word' id='word_1_89' title='bbox 378 1199 540 1268; x_wconf 70' lang='grc' dir='ltr'><em>τεταγμένην</em></span> <span class='ocrx_word' id='word_1_90' title='bbox 552 1195 625 1272; x_wconf 82' lang='grc' dir='ltr'><strong><em>ὥραν</em></strong></span> <span class='ocrx_word' id='word_1_91' title='bbox 638 1236 644 1250; x_wconf 94' lang='grc'><strong>.</strong></span> <span class='ocrx_word' id='word_1_92' title='bbox 659 1200 722 1253; x_wconf 73' lang='grc' dir='ltr'><strong>,ἐπὶ</strong></span> <span class='ocrx_word' id='word_1_93' title='bbox 734 1200 777 1267; x_wconf 75' lang='grc' dir='ltr'><strong>τῆς</strong></span> <span class='ocrx_word' id='word_1_94' title='bbox 789 1195 900 1274; x_wconf 73' lang='grc' dir='ltr'><strong><em>ἐσχάτης</em></strong></span> <span class='ocrx_word' id='word_1_95' title='bbox 917 1199 962 1255; x_wconf 77' lang='grc' dir='ltr'><strong>τοῦ</strong></span> <span class='ocrx_word' id='word_1_96' title='bbox 976 1199 1077 1274; x_wconf 78' lang='grc' dir='ltr'><strong><em>χρόνον</em></strong></span> <span class='ocrx_word' id='word_1_97' title='bbox 1129 1197 1228 1255; x_wconf 89' lang='lat' dir='ltr'><strong>eodem</strong></span> <span class='ocrx_word' id='word_1_98' title='bbox 1248 1240 1254 1252; x_wconf 92' lang='lat'><em>.</em></span> <span class='ocrx_word' id='word_1_99' title='bbox 1272 1202 1416 1254; x_wconf 91' lang='lat' dir='ltr'><strong>momento</strong></span> <span class='ocrx_word' id='word_1_100' title='bbox 1435 1201 1465 1253; x_wconf 90' lang='lat' dir='ltr'><strong>et</strong></span> <span class='ocrx_word' id='word_1_101' title='bbox 1482 1197 1553 1254; x_wconf 92' lang='lat' dir='ltr'><strong>hora</strong></span> <span class='ocrx_word' id='word_1_102' title='bbox 1570 1215 1588 1254; x_wconf 87' lang='lat' dir='ltr'><strong>a</strong></span> <span class='ocrx_word' id='word_1_103' title='bbox 1605 1195 1740 1269; x_wconf 87' lang='lat' dir='ltr'><strong>Dionysio</strong></span> <span class='ocrx_word' id='word_1_104' title='bbox 1759 1200 1913 1260; x_wconf 74' lang='lat' dir='ltr'><strong>constituta</strong></span> <span class='ocrx_word' id='word_1_105' title='bbox 1998 1240 2005 1270; x_wconf 92' lang='lat'><strong>,</strong></span> 
     </span>
    </p>

    <p class='ocr_par' dir='ltr' id='par_1_10' title="bbox 199 1281 280 1354">
     <span class='ocr_line' id='line_1_11' title="bbox 199 1281 280 1354; baseline -0.012 -19"><span class='ocrx_word' id='word_1_106' title='bbox 199 1281 280 1354; x_wconf 71' lang='grc' dir='ltr'><strong><em>ῥοπῆς</em></strong></span> 
     </span>
    </p>
   </div>
   <div class='ocr_carea' id='block_1_4' title="bbox 111 1366 2005 1446">
    <p class='ocr_par' dir='ltr' id='par_1_11' title="bbox 111 1366 2005 1446">
     <span class='ocr_line' id='line_1_12' title="bbox 111 1366 2005 1446; baseline 0.002 -22"><span class='ocrx_word' id='word_1_107' title='bbox 111 1379 114 1384; x_wconf 88' lang='grc'><strong>’</strong></span> <span class='ocrx_word' id='word_1_108' title='bbox 201 1366 328 1424; x_wconf 74' lang='grc' dir='ltr'><strong><em>άπέίνσιν</em></strong></span> <span class='ocrx_word' id='word_1_109' title='bbox 357 1367 372 1420; x_wconf 79' lang='lat' dir='ltr'><strong>t</strong></span> <span class='ocrx_word' id='word_1_110' title='bbox 400 1366 535 1431; x_wconf 76' lang='grc' dir='ltr'><strong><em>Διονύσιος</em></strong></span> <span class='ocrx_word' id='word_1_111' title='bbox 563 1369 607 1438; x_wconf 74' lang='grc' dir='ltr'><strong>τῆς</strong></span> <span class='ocrx_word' id='word_1_112' title='bbox 635 1376 766 1444; x_wconf 76' lang='grc' dir='ltr'><strong>τιμωρίας</strong></span> <span class='ocrx_word' id='word_1_113' title='bbox 794 1369 841 1426; x_wconf 78' lang='grc' dir='ltr'><strong>τὸν</strong></span> <span class='ocrx_word' id='word_1_114' title='bbox 871 1370 1076 1446; x_wconf 75' lang='grc' dir='ltr'><strong><em>σγααλοάμενον,</em></strong></span> <span class='ocrx_word' id='word_1_115' title='bbox 1128 1374 1264 1444; x_wconf 78' lang='lat' dir='ltr'><strong>tyrannm</strong></span> <span class='ocrx_word' id='word_1_116' title='bbox 1301 1368 1468 1443; x_wconf 87' lang='lat' dir='ltr'><strong>supplicium</strong></span> <span class='ocrx_word' id='word_1_117' title='bbox 1515 1368 1581 1426; x_wconf 86' lang='lat' dir='ltr'><strong>fidei</strong></span> <span class='ocrx_word' id='word_1_118' title='bbox 1614 1370 1723 1426; x_wconf 86' lang='lat' dir='ltr'><strong>remisit</strong></span> <span class='ocrx_word' id='word_1_119' title='bbox 1755 1371 1927 1443; x_wconf 85' lang='lat' dir='ltr'><strong>insuperque</strong></span> <span class='ocrx_word' id='word_1_120' title='bbox 1957 1387 2005 1427; x_wconf 91' lang='lat' dir='ltr'><strong>soa</strong></span> 
     </span>
    </p>
   </div>
   <div class='ocr_carea' id='block_1_5' title="bbox 200 1453 2006 1616">
    <p class='ocr_par' dir='ltr' id='par_1_12' title="bbox 200 1453 2006 1616">
     <span class='ocr_line' id='line_1_13' title="bbox 200 1453 2006 1532; baseline 0.004 -24"><span class='ocrx_word' id='word_1_121' title='bbox 200 1456 246 1508; x_wconf 74' lang='grc' dir='ltr'><strong><em>καί</em></strong></span> <span class='ocrx_word' id='word_1_122' title='bbox 269 1453 428 1526; x_wconf 61' lang='lat' dir='ltr'><strong>supinatas</strong></span> <span class='ocrx_word' id='word_1_123' title='bbox 450 1453 510 1518; x_wconf 76' lang='grc' dir='ltr'><strong>σούς</strong></span> <span class='ocrx_word' id='word_1_124' title='bbox 531 1455 632 1530; x_wconf 70' lang='grc' dir='ltr'><strong><em>ἄνδρας</em></strong></span> <span class='ocrx_word' id='word_1_125' title='bbox 649 1461 737 1532; x_wconf 72' lang='grc' dir='ltr'><strong><em>τρίτον</em></strong></span> <span class='ocrx_word' id='word_1_126' title='bbox 753 1457 846 1514; x_wconf 70' lang='grc' dir='ltr'><strong><em>ἑαυτὸν</em></strong></span> <span class='ocrx_word' id='word_1_127' title='bbox 863 1463 901 1520; x_wconf 74' lang='grc' dir='ltr'><strong>εἰς</strong></span> <span class='ocrx_word' id='word_1_128' title='bbox 917 1457 964 1524; x_wconf 74' lang='grc' dir='ltr'><strong>κῆν</strong></span> <span class='ocrx_word' id='word_1_129' title='bbox 982 1463 1077 1528; x_wconf 74' lang='grc' dir='ltr'><strong><em>φιλίαν</em></strong></span> <span class='ocrx_word' id='word_1_130' title='bbox 1128 1456 1243 1530; x_wconf 81' lang='lat' dir='ltr'><strong>rogavit</strong></span> <span class='ocrx_word' id='word_1_131' title='bbox 1264 1461 1296 1512; x_wconf 89' lang='lat' dir='ltr'><strong>ut</strong></span> <span class='ocrx_word' id='word_1_132' title='bbox 1317 1474 1349 1512; x_wconf 88' lang='lat' dir='ltr'><strong>se</strong></span> <span class='ocrx_word' id='word_1_133' title='bbox 1371 1457 1400 1511; x_wconf 92' lang='lat' dir='ltr'><strong>in</strong></span> <span class='ocrx_word' id='word_1_134' title='bbox 1418 1457 1583 1512; x_wconf 85' lang='lat' dir='ltr'><strong>societatem</strong></span> <span class='ocrx_word' id='word_1_135' title='bbox 1605 1455 1745 1513; x_wconf 75' lang='lat' dir='ltr'><strong>amicitiae</strong></span> <span class='ocrx_word' id='word_1_136' title='bbox 1767 1456 1899 1513; x_wconf 84' lang='lat' dir='ltr'><strong>tertium.</strong></span> <span class='ocrx_word' id='word_1_137' title='bbox 1922 1497 2006 1516; x_wconf 88' lang='grc'><strong>....</strong></span> 
     </span>
     <span class='ocr_line' id='line_1_14' title="bbox 200 1543 1296 1616; baseline 0.004 -22"><span class='ocrx_word' id='word_1_138' title='bbox 200 1543 405 1613; x_wconf 61' lang='grc' dir='ltr'><strong><em>προσλαβέσθαι.</em></strong></span> <span class='ocrx_word' id='word_1_139' title='bbox 1129 1543 1296 1616; x_wconf 79' lang='lat' dir='ltr'><strong>reciperent</strong></span> 
     </span>
    </p>
   </div>
   <div class='ocr_carea' id='block_1_6' title="bbox 199 1628 2007 3584">
    <p class='ocr_par' dir='ltr' id='par_1_13' title="bbox 199 1628 2007 3148">
     <span class='ocr_line' id='line_1_15' title="bbox 354 1628 2007 1715; baseline 0.004 -23"><span class='ocrx_word' id='word_1_140' title='bbox 354 1628 420 1693; x_wconf 89' lang='lat' dir='ltr'><strong>Pro</strong></span> <span class='ocrx_word' id='word_1_141' title='bbox 453 1631 517 1694; x_wconf 91' lang='lat' dir='ltr'><strong>hac</strong></span> <span class='ocrx_word' id='word_1_142' title='bbox 551 1633 769 1714; x_wconf 86' lang='lat' dir='ltr'><strong>congruentia</strong></span> <span class='ocrx_word' id='word_1_143' title='bbox 802 1633 1017 1708; x_wconf 82' lang='lat' dir='ltr'><strong>differentiae,</strong></span> <span class='ocrx_word' id='word_1_144' title='bbox 1051 1652 1138 1714; x_wconf 91' lang='lat' dir='ltr'><strong>quae</strong></span> <span class='ocrx_word' id='word_1_145' title='bbox 1171 1635 1256 1696; x_wconf 89' lang='lat' dir='ltr'><strong>inter</strong></span> <span class='ocrx_word' id='word_1_146' title='bbox 1289 1632 1373 1695; x_wconf 87' lang='lat' dir='ltr'><strong>duas</strong></span> <span class='ocrx_word' id='word_1_147' title='bbox 1407 1632 1633 1713; x_wconf 85' lang='lat' dir='ltr'><strong>expositiones</strong></span> <span class='ocrx_word' id='word_1_148' title='bbox 1666 1634 1884 1708; x_wconf 87' lang='lat' dir='ltr'><strong>intercedunt,</strong></span> <span class='ocrx_word' id='word_1_149' title='bbox 1911 1635 2007 1715; x_wconf 81' lang='lat' dir='ltr'><strong>parri</strong></span> 
     </span>
     <span class='ocr_line' id='line_1_16' title="bbox 200 1734 2005 1818; baseline 0.004 -24"><span class='ocrx_word' id='word_1_150' title='bbox 200 1734 357 1797; x_wconf 89' lang='lat' dir='ltr'><strong>momenti</strong></span> <span class='ocrx_word' id='word_1_151' title='bbox 380 1752 454 1796; x_wconf 88' lang='lat' dir='ltr'><strong>esse</strong></span> <span class='ocrx_word' id='word_1_152' title='bbox 477 1734 635 1798; x_wconf 89' lang='lat' dir='ltr'><strong>videntur</strong></span> <span class='ocrx_word' id='word_1_153' title='bbox 657 1741 757 1817; x_wconf 91' lang='lat' dir='ltr'><strong>atque</strong></span> <span class='ocrx_word' id='word_1_154' title='bbox 779 1757 847 1811; x_wconf 86' lang='lat' dir='ltr'><strong>eae,</strong></span> <span class='ocrx_word' id='word_1_155' title='bbox 871 1756 957 1818; x_wconf 89' lang='lat' dir='ltr'><strong>quas</strong></span> <span class='ocrx_word' id='word_1_156' title='bbox 980 1755 1022 1800; x_wconf 88' lang='lat' dir='ltr'><strong>cx</strong></span> <span class='ocrx_word' id='word_1_157' title='bbox 1043 1737 1168 1798; x_wconf 86' lang='lat' dir='ltr'><strong>Valerii</strong></span> <span class='ocrx_word' id='word_1_158' title='bbox 1189 1736 1326 1817; x_wconf 90' lang='lat' dir='ltr'><strong>ingenio</strong></span> <span class='ocrx_word' id='word_1_159' title='bbox 1348 1735 1510 1816; x_wconf 88' lang='lat' dir='ltr'><strong>profectas</strong></span> <span class='ocrx_word' id='word_1_160' title='bbox 1533 1754 1608 1799; x_wconf 87' lang='lat' dir='ltr'><strong>esse</strong></span> <span class='ocrx_word' id='word_1_161' title='bbox 1635 1740 1771 1799; x_wconf 77' lang='lat' dir='ltr'><strong>stamas.</strong></span> <span class='ocrx_word' id='word_1_162' title='bbox 1815 1736 1880 1801; x_wconf 91' lang='lat' dir='ltr'><strong>Hic</strong></span> <span class='ocrx_word' id='word_1_163' title='bbox 1906 1738 2005 1810; x_wconf 86' lang='lat' dir='ltr'><strong>enim,</strong></span> 
     </span>
     <span class='ocr_line' id='line_1_17' title="bbox 201 1836 2007 1916; baseline 0.003 -18"><span class='ocrx_word' id='word_1_164' title='bbox 201 1855 286 1916; x_wconf 88' lang='lat' dir='ltr'><strong>quae</strong></span> <span class='ocrx_word' id='word_1_165' title='bbox 314 1836 357 1899; x_wconf 90' lang='lat' dir='ltr'><strong>ab</strong></span> <span class='ocrx_word' id='word_1_166' title='bbox 384 1843 517 1902; x_wconf 88' lang='lat' dir='ltr'><strong>auctore</strong></span> <span class='ocrx_word' id='word_1_167' title='bbox 543 1839 739 1913; x_wconf 82' lang='lat' dir='ltr'><strong>reienmtnr,</strong></span> <span class='ocrx_word' id='word_1_168' title='bbox 766 1841 833 1903; x_wconf 88' lang='lat' dir='ltr'><strong>alia</strong></span> <span class='ocrx_word' id='word_1_169' title='bbox 854 1840 1008 1904; x_wconf 83' lang='lat' dir='ltr'><strong>breviora</strong></span> <span class='ocrx_word' id='word_1_170' title='bbox 1028 1840 1147 1913; x_wconf 86' lang='lat' dir='ltr'><strong>reddit,</strong></span> <span class='ocrx_word' id='word_1_171' title='bbox 1174 1839 1266 1902; x_wconf 87' lang='lat' dir='ltr'><strong>velut</strong></span> <span class='ocrx_word' id='word_1_172' title='bbox 1292 1839 1417 1902; x_wconf 82' lang='lat' dir='ltr'><strong>civium</strong></span> <span class='ocrx_word' id='word_1_173' title='bbox 1444 1840 1486 1903; x_wconf 93' lang='lat' dir='ltr'><strong>de</strong></span> <span class='ocrx_word' id='word_1_174' title='bbox 1507 1840 1669 1903; x_wconf 88' lang='lat' dir='ltr'><strong>Damonis</strong></span> <span class='ocrx_word' id='word_1_175' title='bbox 1692 1841 1832 1904; x_wconf 89' lang='lat' dir='ltr'><strong>oonsilio</strong></span> <span class='ocrx_word' id='word_1_176' title='bbox 1856 1842 2007 1905; x_wconf 89' lang='lat' dir='ltr'><strong>diversas</strong></span> 
     </span>
     <span class='ocr_line' id='line_1_18' title="bbox 201 1941 2006 2027; baseline 0.003 -25"><span class='ocrx_word' id='word_1_177' title='bbox 201 1941 391 2015; x_wconf 89' lang='lat' dir='ltr'><strong>sententias,</strong></span> <span class='ocrx_word' id='word_1_178' title='bbox 419 1941 485 2005; x_wconf 90' lang='lat' dir='ltr'><strong>alia</strong></span> <span class='ocrx_word' id='word_1_179' title='bbox 506 1947 543 2004; x_wconf 91' lang='lat' dir='ltr'><strong>ut</strong></span> <span class='ocrx_word' id='word_1_180' title='bbox 564 1944 689 2007; x_wconf 89' lang='lat' dir='ltr'><strong>leviora</strong></span> <span class='ocrx_word' id='word_1_181' title='bbox 711 1944 948 2024; x_wconf 90' lang='lat' dir='ltr'><strong>praetermittit,</strong></span> <span class='ocrx_word' id='word_1_182' title='bbox 976 1962 1044 2024; x_wconf 91' lang='lat' dir='ltr'><strong>quo</strong></span> <span class='ocrx_word' id='word_1_183' title='bbox 1066 1944 1101 2005; x_wconf 91' lang='lat' dir='ltr'><strong>in</strong></span> <span class='ocrx_word' id='word_1_184' title='bbox 1124 1962 1245 2025; x_wconf 91' lang='lat' dir='ltr'><strong>genere</strong></span> <span class='ocrx_word' id='word_1_185' title='bbox 1267 1942 1414 2023; x_wconf 89' lang='lat' dir='ltr'><strong>putanda</strong></span> <span class='ocrx_word' id='word_1_186' title='bbox 1437 1949 1515 2006; x_wconf 93' lang='lat' dir='ltr'><strong>sunt</strong></span> <span class='ocrx_word' id='word_1_187' title='bbox 1537 1963 1639 2006; x_wconf 87' lang='lat' dir='ltr'><strong>causa</strong></span> <span class='ocrx_word' id='word_1_188' title='bbox 1660 1943 1816 2008; x_wconf 88' lang='lat' dir='ltr'><strong>Phintiae</strong></span> <span class='ocrx_word' id='word_1_189' title='bbox 1839 1945 2006 2027; x_wconf 88' lang='lat' dir='ltr'><strong>supplicii,</strong></span> 
     </span>
     <span class='ocr_line' id='line_1_19' title="bbox 200 2043 2006 2131; baseline 0.003 -25"><span class='ocrx_word' id='word_1_190' title='bbox 200 2045 332 2125; x_wconf 84' lang='lat' dir='ltr'><strong>tyranni</strong></span> <span class='ocrx_word' id='word_1_191' title='bbox 355 2044 519 2109; x_wconf 88' lang='lat' dir='ltr'><strong>dubitatio</strong></span> <span class='ocrx_word' id='word_1_192' title='bbox 542 2046 594 2125; x_wconf 88' lang='lat' dir='ltr'><strong>(cl.</strong></span> <span class='ocrx_word' id='word_1_193' title='bbox 618 2047 721 2110; x_wconf 89' lang='lat' dir='ltr'><strong>verba</strong></span> <span class='ocrx_word' id='word_1_194' title='bbox 744 2049 805 2113; x_wconf 82' lang='grc' dir='ltr'><strong>τοῦ</strong></span> <span class='ocrx_word' id='word_1_195' title='bbox 827 2045 863 2113; x_wconf 76' lang='lat' dir='ltr'><strong>dl</strong></span> <span class='ocrx_word' id='word_1_196' title='bbox 887 2043 1053 2113; x_wconf 79' lang='grc' dir='ltr'><strong><em>δυνάστου</em></strong></span> <span class='ocrx_word' id='word_1_197' title='bbox 1076 2093 1158 2109; x_wconf 94' lang='grc'><strong>....</strong></span> <span class='ocrx_word' id='word_1_198' title='bbox 1181 2065 1291 2126; x_wconf 89' lang='lat' dir='ltr'><strong>usquc</strong></span> <span class='ocrx_word' id='word_1_199' title='bbox 1313 2047 1357 2110; x_wconf 90' lang='lat' dir='ltr'><strong>ad</strong></span> <span class='ocrx_word' id='word_1_200' title='bbox 1378 2043 1593 2131; x_wconf 80' lang='grc' dir='ltr'><strong><em>παραδώσει),</em></strong></span> <span class='ocrx_word' id='word_1_201' title='bbox 1614 2049 1730 2128; x_wconf 91' lang='lat' dir='ltr'><strong>populi</strong></span> <span class='ocrx_word' id='word_1_202' title='bbox 1746 2049 1788 2112; x_wconf 92' lang='lat' dir='ltr'><strong>ad</strong></span> <span class='ocrx_word' id='word_1_203' title='bbox 1804 2049 2006 2131; x_wconf 88' lang='lat' dir='ltr'><strong>supplicium</strong></span> 
     </span>
     <span class='ocr_line' id='line_1_20' title="bbox 200 2150 2003 2233; baseline 0.003 -23"><span class='ocrx_word' id='word_1_204' title='bbox 200 2167 394 2222; x_wconf 67' lang='lat' dir='ltr'><strong>conclusus,</strong></span> <span class='ocrx_word' id='word_1_205' title='bbox 418 2150 483 2213; x_wconf 87' lang='lat' dir='ltr'><strong>alia</strong></span> <span class='ocrx_word' id='word_1_206' title='bbox 504 2155 542 2213; x_wconf 92' lang='lat' dir='ltr'><strong>ut</strong></span> <span class='ocrx_word' id='word_1_207' title='bbox 564 2152 705 2232; x_wconf 89' lang='lat' dir='ltr'><strong>exempli</strong></span> <span class='ocrx_word' id='word_1_208' title='bbox 729 2154 798 2214; x_wconf 87' lang='lat' dir='ltr'><strong>vim</strong></span> <span class='ocrx_word' id='word_1_209' title='bbox 821 2155 1000 2233; x_wconf 80' lang='lat' dir='ltr'><strong>exaggeret</strong></span> <span class='ocrx_word' id='word_1_210' title='bbox 1022 2150 1133 2216; x_wconf 89' lang='lat' dir='ltr'><strong>adicit.</strong></span> <span class='ocrx_word' id='word_1_211' title='bbox 1170 2151 1281 2214; x_wconf 91' lang='lat' dir='ltr'><strong>Huius</strong></span> <span class='ocrx_word' id='word_1_212' title='bbox 1303 2169 1382 2213; x_wconf 89' lang='lat' dir='ltr'><strong>vero</strong></span> <span class='ocrx_word' id='word_1_213' title='bbox 1405 2150 1495 2212; x_wconf 91' lang='lat' dir='ltr'><strong>modi</strong></span> <span class='ocrx_word' id='word_1_214' title='bbox 1512 2155 1591 2214; x_wconf 91' lang='lat' dir='ltr'><strong>sunt</strong></span> <span class='ocrx_word' id='word_1_215' title='bbox 1605 2151 1709 2214; x_wconf 87' lang='lat' dir='ltr'><strong>verba</strong></span> <span class='ocrx_word' id='word_1_216' title='bbox 1726 2154 1797 2227; x_wconf 84' lang='lat' dir='ltr'><strong>,At</strong></span> <span class='ocrx_word' id='word_1_217' title='bbox 1817 2154 1853 2216; x_wconf 88' lang='lat' dir='ltr'><strong>ie</strong></span> <span class='ocrx_word' id='word_1_218' title='bbox 1877 2153 2003 2218; x_wconf 84' lang='lat' dir='ltr'><strong>nihil“</strong></span> 
     </span>
     <span class='ocr_line' id='line_1_21' title="bbox 201 2253 2006 2336; baseline 0.004 -23"><span class='ocrx_word' id='word_1_219' title='bbox 201 2298 208 2313; x_wconf 92' lang='lat'><strong>.</strong></span> <span class='ocrx_word' id='word_1_220' title='bbox 233 2301 240 2315; x_wconf 92' lang='lat'><strong>.</strong></span> <span class='ocrx_word' id='word_1_221' title='bbox 264 2253 437 2333; x_wconf 86' lang='lat' dir='ltr'><strong>usquead</strong></span> <span class='ocrx_word' id='word_1_222' title='bbox 468 2254 783 2334; x_wconf 81' lang='lat' dir='ltr'><strong>,praedicabat“.</strong></span> <span class='ocrx_word' id='word_1_223' title='bbox 827 2255 995 2318; x_wconf 88' lang='lat' dir='ltr'><strong>Nonnulla</strong></span> <span class='ocrx_word' id='word_1_224' title='bbox 1017 2255 1162 2336; x_wconf 89' lang='lat' dir='ltr'><strong>denique</strong></span> <span class='ocrx_word' id='word_1_225' title='bbox 1183 2254 1346 2317; x_wconf 89' lang='lat' dir='ltr'><strong>rhetorico</strong></span> <span class='ocrx_word' id='word_1_226' title='bbox 1369 2254 1477 2317; x_wconf 90' lang='lat' dir='ltr'><strong>colore</strong></span> <span class='ocrx_word' id='word_1_227' title='bbox 1500 2255 1684 2336; x_wconf 87' lang='lat' dir='ltr'><strong>composita</strong></span> <span class='ocrx_word' id='word_1_228' title='bbox 1705 2255 1858 2320; x_wconf 88' lang='lat' dir='ltr'><strong>Valerius</strong></span> <span class='ocrx_word' id='word_1_229' title='bbox 1880 2257 2006 2321; x_wconf 85' lang='lat' dir='ltr'><strong>inserit</strong></span> 
     </span>
     <span class='ocr_line' id='line_1_22' title="bbox 199 2354 2002 2439; baseline 0.003 -21"><span class='ocrx_word' id='word_1_230' title='bbox 199 2354 274 2418; x_wconf 86' lang='lat' dir='ltr'><strong>Huc</strong></span> <span class='ocrx_word' id='word_1_231' title='bbox 290 2361 441 2437; x_wconf 88' lang='lat' dir='ltr'><strong>spectant</strong></span> <span class='ocrx_word' id='word_1_232' title='bbox 455 2357 634 2432; x_wconf 89' lang='lat' dir='ltr'><strong>enuntiata,</strong></span> <span class='ocrx_word' id='word_1_233' title='bbox 651 2376 735 2439; x_wconf 89' lang='lat' dir='ltr'><strong>quae</strong></span> <span class='ocrx_word' id='word_1_234' title='bbox 750 2379 771 2422; x_wconf 91' lang='lat' dir='ltr'><strong>a</strong></span> <span class='ocrx_word' id='word_1_235' title='bbox 788 2358 901 2422; x_wconf 87' lang='lat' dir='ltr'><strong>verbis</strong></span> <span class='ocrx_word' id='word_1_236' title='bbox 920 2359 1100 2434; x_wconf 88' lang='lat' dir='ltr'><strong>,solutus</strong></span> <span class='ocrx_word' id='word_1_237' title='bbox 1115 2364 1195 2422; x_wconf 89' lang='lat' dir='ltr'><strong>erat</strong></span> <span class='ocrx_word' id='word_1_238' title='bbox 1205 2365 1219 2392; x_wconf 76' lang='lat'><strong>¹⁴</strong></span> <span class='ocrx_word' id='word_1_239' title='bbox 1234 2358 1370 2421; x_wconf 92' lang='lat' dir='ltr'><strong>initium</strong></span> <span class='ocrx_word' id='word_1_240' title='bbox 1386 2357 1522 2438; x_wconf 90' lang='lat' dir='ltr'><strong>capiunt</strong></span> <span class='ocrx_word' id='word_1_241' title='bbox 1537 2360 1619 2422; x_wconf 90' lang='lat' dir='ltr'><strong>etin</strong></span> <span class='ocrx_word' id='word_1_242' title='bbox 1641 2360 1782 2423; x_wconf 85' lang='lat' dir='ltr'><strong>verbum</strong></span> <span class='ocrx_word' id='word_1_243' title='bbox 1807 2361 2002 2436; x_wconf 77' lang='lat' dir='ltr'><strong>,licebat“</strong></span> 
     </span>
     <span class='ocr_line' id='line_1_23' title="bbox 200 2459 2005 2544; baseline 0.004 -23"><span class='ocrx_word' id='word_1_244' title='bbox 200 2459 368 2523; x_wconf 90' lang='lat' dir='ltr'><strong>desinunt.</strong></span> <span class='ocrx_word' id='word_1_245' title='bbox 417 2460 507 2524; x_wconf 87' lang='lat' dir='ltr'><strong>Haec</strong></span> <span class='ocrx_word' id='word_1_246' title='bbox 535 2463 647 2525; x_wconf 86' lang='lat' dir='ltr'><strong>omnia</strong></span> <span class='ocrx_word' id='word_1_247' title='bbox 674 2482 750 2525; x_wconf 93' lang='lat' dir='ltr'><strong>cum</strong></span> <span class='ocrx_word' id='word_1_248' title='bbox 776 2483 796 2526; x_wconf 95' lang='lat' dir='ltr'><strong>a</strong></span> <span class='ocrx_word' id='word_1_249' title='bbox 822 2464 959 2536; x_wconf 90' lang='lat' dir='ltr'><strong>ratione,</strong></span> <span class='ocrx_word' id='word_1_250' title='bbox 987 2480 1052 2544; x_wconf 85' lang='lat' dir='ltr'><strong>qua</strong></span> <span class='ocrx_word' id='word_1_251' title='bbox 1073 2463 1228 2525; x_wconf 88' lang='lat' dir='ltr'><strong>Valerius</strong></span> <span class='ocrx_word' id='word_1_252' title='bbox 1251 2461 1398 2525; x_wconf 87' lang='lat' dir='ltr'><strong>fontibus</strong></span> <span class='ocrx_word' id='word_1_253' title='bbox 1421 2461 1493 2524; x_wconf 88' lang='lat' dir='ltr'><strong>suis</strong></span> <span class='ocrx_word' id='word_1_254' title='bbox 1516 2462 1566 2524; x_wconf 91' lang='lat' dir='ltr'><strong>uti</strong></span> <span class='ocrx_word' id='word_1_255' title='bbox 1588 2463 1681 2536; x_wconf 87' lang='lat' dir='ltr'><strong>solet,</strong></span> <span class='ocrx_word' id='word_1_256' title='bbox 1708 2483 1776 2526; x_wconf 95' lang='lat' dir='ltr'><strong>non</strong></span> <span class='ocrx_word' id='word_1_257' title='bbox 1798 2464 2005 2538; x_wconf 87' lang='lat' dir='ltr'><strong>abhorreant,</strong></span> 
     </span>
     <span class='ocr_line' id='line_1_24' title="bbox 200 2563 2005 2648; baseline 0.002 -22"><span class='ocrx_word' id='word_1_258' title='bbox 200 2583 276 2626; x_wconf 90' lang='lat' dir='ltr'><strong>eum</strong></span> <span class='ocrx_word' id='word_1_259' title='bbox 302 2563 464 2627; x_wconf 91' lang='lat' dir='ltr'><strong>hocloco</strong></span> <span class='ocrx_word' id='word_1_260' title='bbox 491 2564 677 2629; x_wconf 90' lang='lat' dir='ltr'><strong>Diodorum</strong></span> <span class='ocrx_word' id='word_1_261' title='bbox 705 2568 801 2648; x_wconf 88' lang='lat' dir='ltr'><strong>sequi</strong></span> <span class='ocrx_word' id='word_1_262' title='bbox 827 2586 1026 2647; x_wconf 88' lang='lat' dir='ltr'><strong>persuasum</strong></span> <span class='ocrx_word' id='word_1_263' title='bbox 1052 2567 1169 2630; x_wconf 89' lang='lat' dir='ltr'><strong>habco.</strong></span> <span class='ocrx_word' id='word_1_264' title='bbox 1214 2565 1330 2647; x_wconf 88' lang='lat' dir='ltr'><strong>Neque</strong></span> <span class='ocrx_word' id='word_1_265' title='bbox 1358 2570 1469 2628; x_wconf 68' lang='lat' dir='ltr'><strong>tamar</strong></span> <span class='ocrx_word' id='word_1_266' title='bbox 1501 2585 1554 2628; x_wconf 94' lang='lat' dir='ltr'><strong>me</strong></span> <span class='ocrx_word' id='word_1_267' title='bbox 1580 2566 1667 2646; x_wconf 85' lang='lat' dir='ltr'><strong>fugit</strong></span> <span class='ocrx_word' id='word_1_268' title='bbox 1689 2566 1823 2630; x_wconf 89' lang='lat' dir='ltr'><strong>duobus</strong></span> <span class='ocrx_word' id='word_1_269' title='bbox 1844 2568 1929 2630; x_wconf 90' lang='lat' dir='ltr'><strong>locis</strong></span> <span class='ocrx_word' id='word_1_270' title='bbox 1952 2567 2005 2647; x_wconf 76' lang='lat' dir='ltr'><strong>(ct</strong></span> 
     </span>
     <span class='ocr_line' id='line_1_25' title="bbox 199 2666 2007 2751; baseline 0.003 -22"><span class='ocrx_word' id='word_1_271' title='bbox 199 2666 241 2730; x_wconf 92' lang='lat' dir='ltr'><strong>de</strong></span> <span class='ocrx_word' id='word_1_272' title='bbox 264 2668 317 2730; x_wconf 79' lang='lat' dir='ltr'><strong>off.</strong></span> <span class='ocrx_word' id='word_1_273' title='bbox 333 2667 387 2741; x_wconf 87' lang='lat' dir='ltr'><strong>III,</strong></span> <span class='ocrx_word' id='word_1_274' title='bbox 412 2669 462 2742; x_wconf 82' lang='lat'><strong>10,</strong></span> <span class='ocrx_word' id='word_1_275' title='bbox 486 2669 528 2732; x_wconf 83' lang='grc'><strong>45</strong></span> <span class='ocrx_word' id='word_1_276' title='bbox 551 2673 582 2748; x_wconf 85' lang='lat' dir='ltr'><strong>et</strong></span> <span class='ocrx_word' id='word_1_277' title='bbox 604 2667 702 2732; x_wconf 81' lang='lat' dir='ltr'><strong>Tusa.</strong></span> <span class='ocrx_word' id='word_1_278' title='bbox 719 2669 805 2750; x_wconf 88' lang='lat' dir='ltr'><strong>disp.</strong></span> <span class='ocrx_word' id='word_1_279' title='bbox 822 2672 852 2744; x_wconf 85' lang='lat'><strong>5,</strong></span> <span class='ocrx_word' id='word_1_280' title='bbox 875 2672 928 2743; x_wconf 77' lang='lat'><strong>22,</strong></span> <span class='ocrx_word' id='word_1_281' title='bbox 951 2671 1006 2749; x_wconf 86' lang='grc'><strong>63)</strong></span> <span class='ocrx_word' id='word_1_282' title='bbox 1028 2670 1070 2733; x_wconf 88' lang='lat' dir='ltr'><strong>dc</strong></span> <span class='ocrx_word' id='word_1_283' title='bbox 1092 2669 1379 2751; x_wconf 83' lang='lat' dir='ltr'><strong>Pythagoreorum</strong></span> <span class='ocrx_word' id='word_1_284' title='bbox 1401 2668 1547 2732; x_wconf 90' lang='lat' dir='ltr'><strong>amicitia</strong></span> <span class='ocrx_word' id='word_1_285' title='bbox 1569 2667 1761 2732; x_wconf 76' lang='lat' dir='ltr'><strong>Ciceronem</strong></span> <span class='ocrx_word' id='word_1_286' title='bbox 1783 2671 1904 2751; x_wconf 83' lang='lat' dir='ltr'><strong>egisse.</strong></span> <span class='ocrx_word' id='word_1_287' title='bbox 1939 2671 2007 2735; x_wconf 82' lang='lat' dir='ltr'><strong>Sed</strong></span> 
     </span>
     <span class='ocr_line' id='line_1_26' title="bbox 199 2771 2007 2856; baseline 0.002 -20"><span class='ocrx_word' id='word_1_288' title='bbox 199 2773 302 2837; x_wconf 91' lang='lat' dir='ltr'><strong>huius</strong></span> <span class='ocrx_word' id='word_1_289' title='bbox 324 2772 501 2836; x_wconf 85' lang='lat' dir='ltr'><strong>relationes</strong></span> <span class='ocrx_word' id='word_1_290' title='bbox 524 2790 587 2835; x_wconf 91' lang='lat' dir='ltr'><strong>neo</strong></span> <span class='ocrx_word' id='word_1_291' title='bbox 610 2777 676 2835; x_wconf 90' lang='lat' dir='ltr'><strong>tam</strong></span> <span class='ocrx_word' id='word_1_292' title='bbox 699 2773 827 2854; x_wconf 81' lang='lat' dir='ltr'><strong>amplae</strong></span> <span class='ocrx_word' id='word_1_293' title='bbox 850 2792 950 2855; x_wconf 90' lang='lat' dir='ltr'><strong>quam</strong></span> <span class='ocrx_word' id='word_1_294' title='bbox 971 2773 1097 2836; x_wconf 90' lang='lat' dir='ltr'><strong>Valerii</strong></span> <span class='ocrx_word' id='word_1_295' title='bbox 1118 2780 1152 2836; x_wconf 92' lang='lat' dir='ltr'><strong>et</strong></span> <span class='ocrx_word' id='word_1_296' title='bbox 1172 2772 1285 2836; x_wconf 89' lang='lat' dir='ltr'><strong>verbis</strong></span> <span class='ocrx_word' id='word_1_297' title='bbox 1309 2771 1351 2836; x_wconf 93' lang='lat' dir='ltr'><strong>ab</strong></span> <span class='ocrx_word' id='word_1_298' title='bbox 1373 2773 1437 2835; x_wconf 95' lang='lat' dir='ltr'><strong>hoc</strong></span> <span class='ocrx_word' id='word_1_299' title='bbox 1459 2771 1611 2836; x_wconf 86' lang='lat' dir='ltr'><strong>diversae</strong></span> <span class='ocrx_word' id='word_1_300' title='bbox 1626 2777 1715 2835; x_wconf 90' lang='lat' dir='ltr'><strong>sunt.</strong></span> <span class='ocrx_word' id='word_1_301' title='bbox 1751 2773 1899 2848; x_wconf 83' lang='lat' dir='ltr'><strong>Accedit,</strong></span> <span class='ocrx_word' id='word_1_302' title='bbox 1917 2776 2007 2856; x_wconf 91' lang='lat' dir='ltr'><strong>qnod</strong></span> 
     </span>
     <span class='ocr_line' id='line_1_27' title="bbox 200 2875 2006 2958; baseline 0.002 -18"><span class='ocrx_word' id='word_1_303' title='bbox 200 2876 316 2940; x_wconf 91' lang='lat' dir='ltr'><strong>Cicero</strong></span> <span class='ocrx_word' id='word_1_304' title='bbox 338 2876 507 2950; x_wconf 89' lang='lat' dir='ltr'><strong>nonnulla,</strong></span> <span class='ocrx_word' id='word_1_305' title='bbox 532 2893 616 2957; x_wconf 86' lang='lat' dir='ltr'><strong>qnae</strong></span> <span class='ocrx_word' id='word_1_306' title='bbox 632 2877 723 2956; x_wconf 85' lang='lat' dir='ltr'><strong>apud</strong></span> <span class='ocrx_word' id='word_1_307' title='bbox 738 2877 832 2940; x_wconf 91' lang='lat' dir='ltr'><strong>illum</strong></span> <span class='ocrx_word' id='word_1_308' title='bbox 848 2883 988 2950; x_wconf 78' lang='lat' dir='ltr'><strong>exstem,</strong></span> <span class='ocrx_word' id='word_1_309' title='bbox 1011 2897 1079 2941; x_wconf 93' lang='lat' dir='ltr'><strong>non</strong></span> <span class='ocrx_word' id='word_1_310' title='bbox 1094 2881 1336 2949; x_wconf 89' lang='lat' dir='ltr'><strong>commemorat,</strong></span> <span class='ocrx_word' id='word_1_311' title='bbox 1358 2875 1451 2940; x_wconf 81' lang='lat' dir='ltr'><strong>velut</strong></span> <span class='ocrx_word' id='word_1_312' title='bbox 1465 2876 1597 2958; x_wconf 88' lang='lat' dir='ltr'><strong>tyranni</strong></span> <span class='ocrx_word' id='word_1_313' title='bbox 1614 2876 1863 2953; x_wconf 89' lang='lat' dir='ltr'><strong>dubitationem,</strong></span> <span class='ocrx_word' id='word_1_314' title='bbox 1881 2878 2006 2943; x_wconf 86' lang='lat' dir='ltr'><strong>civium</strong></span> 
     </span>
     <span class='ocr_line' id='line_1_28' title="bbox 200 2978 2007 3064; baseline 0.001 -20"><span class='ocrx_word' id='word_1_315' title='bbox 200 2981 490 3062; x_wconf 83' lang='lat' dir='ltr'><strong>exspectationem,</strong></span> <span class='ocrx_word' id='word_1_316' title='bbox 514 2981 679 3044; x_wconf 86' lang='lat' dir='ltr'><strong>adventus</strong></span> <span class='ocrx_word' id='word_1_317' title='bbox 701 3000 836 3045; x_wconf 89' lang='lat' dir='ltr'><strong>moram.</strong></span> <span class='ocrx_word' id='word_1_318' title='bbox 886 2978 1036 3057; x_wconf 82' lang='lat' dir='ltr'><strong>Quorum</strong></span> <span class='ocrx_word' id='word_1_319' title='bbox 1064 2981 1093 3044; x_wconf 92' lang='lat' dir='ltr'><strong>si</strong></span> <span class='ocrx_word' id='word_1_320' title='bbox 1119 2981 1281 3044; x_wconf 89' lang='lat' dir='ltr'><strong>rationem</strong></span> <span class='ocrx_word' id='word_1_321' title='bbox 1313 2978 1483 3053; x_wconf 78' lang='lat' dir='ltr'><strong>habueris,</strong></span> <span class='ocrx_word' id='word_1_322' title='bbox 1517 2979 1623 3043; x_wconf 81' lang='lat' dir='ltr'><strong>lacere</strong></span> <span class='ocrx_word' id='word_1_323' title='bbox 1656 2999 1724 3044; x_wconf 96' lang='lat' dir='ltr'><strong>non</strong></span> <span class='ocrx_word' id='word_1_324' title='bbox 1756 2982 1891 3061; x_wconf 84' lang='lat' dir='ltr'><strong>poteris,</strong></span> <span class='ocrx_word' id='word_1_325' title='bbox 1925 2983 2007 3064; x_wconf 86' lang='lat' dir='ltr'><strong>quin</strong></span> 
     </span>
     <span class='ocr_line' id='line_1_29' title="bbox 201 3085 723 3148; baseline -0.004 0"><span class='ocrx_word' id='word_1_326' title='bbox 201 3085 382 3148; x_wconf 89' lang='lat' dir='ltr'><strong>sententiae</strong></span> <span class='ocrx_word' id='word_1_327' title='bbox 404 3103 497 3148; x_wconf 88' lang='lat' dir='ltr'><strong>meac</strong></span> <span class='ocrx_word' id='word_1_328' title='bbox 520 3085 723 3148; x_wconf 88' lang='lat' dir='ltr'><strong>assentiaris.</strong></span> 
     </span>
    </p>

    <p class='ocr_par' dir='ltr' id='par_1_14' title="bbox 199 3187 2006 3479">
     <span class='ocr_line' id='line_1_30' title="bbox 354 3187 2006 3270; baseline -0.001 -19"><span class='ocrx_word' id='word_1_329' title='bbox 354 3188 453 3252; x_wconf 89' lang='lat' dir='ltr'><strong>Nunc</strong></span> <span class='ocrx_word' id='word_1_330' title='bbox 480 3189 712 3270; x_wconf 89' lang='lat' dir='ltr'><strong>progrediatur</strong></span> <span class='ocrx_word' id='word_1_331' title='bbox 739 3189 920 3270; x_wconf 89' lang='lat' dir='ltr'><strong>disputatio</strong></span> <span class='ocrx_word' id='word_1_332' title='bbox 947 3189 989 3252; x_wconf 89' lang='lat' dir='ltr'><strong>ad</strong></span> <span class='ocrx_word' id='word_1_333' title='bbox 1016 3189 1205 3270; x_wconf 87' lang='lat' dir='ltr'><strong>exemplum</strong></span> <span class='ocrx_word' id='word_1_334' title='bbox 1227 3187 1281 3262; x_wconf 92' lang='lat' dir='ltr'><strong>VI,</strong></span> <span class='ocrx_word' id='word_1_335' title='bbox 1305 3189 1335 3262; x_wconf 81' lang='lat'><strong>5,</strong></span> <span class='ocrx_word' id='word_1_336' title='bbox 1359 3191 1423 3251; x_wconf 91' lang='lat' dir='ltr'><strong>ext.</strong></span> <span class='ocrx_word' id='word_1_337' title='bbox 1440 3189 1469 3262; x_wconf 87' lang='grc'><strong>4,</strong></span> <span class='ocrx_word' id='word_1_338' title='bbox 1502 3188 1591 3269; x_wconf 86' lang='lat' dir='ltr'><strong>quod</strong></span> <span class='ocrx_word' id='word_1_339' title='bbox 1617 3187 1730 3269; x_wconf 85' lang='lat' dir='ltr'><strong>ipsum</strong></span> <span class='ocrx_word' id='word_1_340' title='bbox 1757 3205 1888 3269; x_wconf 88' lang='lat' dir='ltr'><strong>quoque</strong></span> <span class='ocrx_word' id='word_1_341' title='bbox 1914 3187 2006 3251; x_wconf 88' lang='lat' dir='ltr'><strong>haud</strong></span> 
     </span>
     <span class='ocr_line' id='line_1_31' title="bbox 200 3291 2006 3373; baseline -0.002 -16"><span class='ocrx_word' id='word_1_342' title='bbox 200 3292 303 3357; x_wconf 90' lang='lat' dir='ltr'><strong>dubie</strong></span> <span class='ocrx_word' id='word_1_343' title='bbox 325 3312 343 3356; x_wconf 93' lang='lat' dir='ltr'><strong>e</strong></span> <span class='ocrx_word' id='word_1_344' title='bbox 365 3293 504 3357; x_wconf 93' lang='lat' dir='ltr'><strong>Diodori</strong></span> <span class='ocrx_word' id='word_1_345' title='bbox 527 3291 730 3355; x_wconf 89' lang='lat' dir='ltr'><strong>bibliotheca</strong></span> <span class='ocrx_word' id='word_1_346' title='bbox 752 3293 964 3372; x_wconf 88' lang='lat' dir='ltr'><strong>desumptum</strong></span> <span class='ocrx_word' id='word_1_347' title='bbox 987 3312 1061 3356; x_wconf 89' lang='lat' dir='ltr'><strong>esse</strong></span> <span class='ocrx_word' id='word_1_348' title='bbox 1085 3312 1214 3356; x_wconf 87' lang='lat' dir='ltr'><strong>censeo.</strong></span> <span class='ocrx_word' id='word_1_349' title='bbox 1269 3293 1306 3355; x_wconf 95' lang='lat' dir='ltr'><strong>Id</strong></span> <span class='ocrx_word' id='word_1_350' title='bbox 1332 3311 1411 3356; x_wconf 88' lang='lat' dir='ltr'><strong>vcro</strong></span> <span class='ocrx_word' id='word_1_351' title='bbox 1433 3292 1633 3373; x_wconf 89' lang='lat' dir='ltr'><strong>exemplum,</strong></span> <span class='ocrx_word' id='word_1_352' title='bbox 1657 3309 1722 3372; x_wconf 91' lang='lat' dir='ltr'><strong>quo</strong></span> <span class='ocrx_word' id='word_1_353' title='bbox 1743 3293 1784 3356; x_wconf 92' lang='lat' dir='ltr'><strong>de</strong></span> <span class='ocrx_word' id='word_1_354' title='bbox 1809 3291 2006 3356; x_wconf 84' lang='lat' dir='ltr'><strong>Charondae</strong></span> 
     </span>
     <span class='ocr_line' id='line_1_32' title="bbox 199 3395 1133 3479; baseline 0 -19"><span class='ocrx_word' id='word_1_355' title='bbox 199 3396 329 3460; x_wconf 86' lang='lat' dir='ltr'><strong>iustitia</strong></span> <span class='ocrx_word' id='word_1_356' title='bbox 350 3399 470 3479; x_wconf 89' lang='lat' dir='ltr'><strong>agitur,</strong></span> <span class='ocrx_word' id='word_1_357' title='bbox 493 3396 681 3459; x_wconf 80' lang='lat' dir='ltr'><strong>conferatur</strong></span> <span class='ocrx_word' id='word_1_358' title='bbox 702 3415 779 3459; x_wconf 91' lang='lat' dir='ltr'><strong>oum</strong></span> <span class='ocrx_word' id='word_1_359' title='bbox 800 3395 959 3460; x_wconf 93' lang='lat' dir='ltr'><strong>hocloco</strong></span> <span class='ocrx_word' id='word_1_360' title='bbox 980 3397 1133 3461; x_wconf 88' lang='lat' dir='ltr'><strong>Diodori:</strong></span> 
     </span>
    </p>

    <p class='ocr_par' dir='ltr' id='par_1_15' title="bbox 492 3509 1752 3584">
     <span class='ocr_line' id='line_1_33' title="bbox 492 3509 1752 3584; baseline -0.002 -16"><span class='ocrx_word' id='word_1_361' title='bbox 492 3512 572 3570; x_wconf 91' lang='lat' dir='ltr'><strong>Diod.</strong></span> <span class='ocrx_word' id='word_1_362' title='bbox 586 3511 639 3570; x_wconf 82' lang='lat' dir='ltr'><strong>Sia</strong></span> <span class='ocrx_word' id='word_1_363' title='bbox 652 3511 717 3584; x_wconf 87' lang='grc' dir='ltr'><strong>ΧΠ,</strong></span> <span class='ocrx_word' id='word_1_364' title='bbox 736 3515 777 3571; x_wconf 88' lang='grc'><strong>19.</strong></span> <span class='ocrx_word' id='word_1_365' title='bbox 1388 3509 1449 3568; x_wconf 84' lang='lat' dir='ltr'><strong>Vel.</strong></span> <span class='ocrx_word' id='word_1_366' title='bbox 1461 3509 1535 3566; x_wconf 83' lang='lat' dir='ltr'><strong>Max.</strong></span> <span class='ocrx_word' id='word_1_367' title='bbox 1548 3510 1598 3579; x_wconf 89' lang='lat' dir='ltr'><strong>Vl,</strong></span> <span class='ocrx_word' id='word_1_368' title='bbox 1616 3516 1640 3580; x_wconf 77' lang='grc' dir='ltr'><strong>ὅ,</strong></span> <span class='ocrx_word' id='word_1_369' title='bbox 1660 3515 1715 3565; x_wconf 85' lang='lat' dir='ltr'><strong>ext.</strong></span> <span class='ocrx_word' id='word_1_370' title='bbox 1727 3515 1752 3568; x_wconf 86' lang='lat'><strong>4.</strong></span> 
     </span>
    </p>
   </div>
   <div class='ocr_carea' id='block_1_7' title="bbox 198 3609 2007 4633">
    <p class='ocr_par' dir='ltr' id='par_1_16' title="bbox 198 3609 2007 4469">
     <span class='ocr_line' id='line_1_34' title="bbox 269 3609 2006 3693; baseline -0.004 -19"><span class='ocrx_word' id='word_1_371' title='bbox 269 3625 393 3674; x_wconf 77' lang='grc' dir='ltr'><strong><em>Λοίποσοι</em></strong></span> <span class='ocrx_word' id='word_1_372' title='bbox 427 3617 522 3688; x_wconf 76' lang='grc' dir='ltr'><em>δ’ἡμῖν</em></span> <span class='ocrx_word' id='word_1_373' title='bbox 556 3622 639 3672; x_wconf 65' lang='lat' dir='ltr'><strong>alneis</strong></span> <span class='ocrx_word' id='word_1_374' title='bbox 676 3616 740 3691; x_wconf 73' lang='grc' dir='ltr'><strong><em>ὑπὲρ</em></strong></span> <span class='ocrx_word' id='word_1_375' title='bbox 774 3617 818 3683; x_wconf 74' lang='grc' dir='ltr'><strong><em>οἵης</em></strong></span> <span class='ocrx_word' id='word_1_376' title='bbox 847 3617 894 3673; x_wconf 70' lang='grc' dir='ltr'><strong>τοῦ</strong></span> <span class='ocrx_word' id='word_1_377' title='bbox 927 3617 1077 3693; x_wconf 79' lang='grc' dir='ltr'><strong><em>Χαράνάοο</em></strong></span> <span class='ocrx_word' id='word_1_378' title='bbox 1197 3613 1254 3670; x_wconf 85' lang='lat' dir='ltr'><strong>Sed</strong></span> <span class='ocrx_word' id='word_1_379' title='bbox 1281 3613 1425 3685; x_wconf 84' lang='lat' dir='ltr'><strong>aliquanto</strong></span> <span class='ocrx_word' id='word_1_380' title='bbox 1452 3610 1618 3668; x_wconf 85' lang='lat' dir='ltr'><strong>Charondae</strong></span> <span class='ocrx_word' id='word_1_381' title='bbox 1643 3611 1741 3666; x_wconf 87' lang='lat' dir='ltr'><strong>Thurii</strong></span> <span class='ocrx_word' id='word_1_382' title='bbox 1767 3609 1950 3682; x_wconf 81' lang='lat' dir='ltr'><strong>praefractior</strong></span> <span class='ocrx_word' id='word_1_383' title='bbox 1976 3616 2006 3667; x_wconf 87' lang='lat' dir='ltr'><strong>et</strong></span> 
     </span>
     <span class='ocr_line' id='line_1_35' title="bbox 198 3695 2005 3778; baseline -0.006 -15"><span class='ocrx_word' id='word_1_384' title='bbox 198 3707 320 3776; x_wconf 73' lang='grc' dir='ltr'><strong><em>τελευτῆς,</em></strong></span> <span class='ocrx_word' id='word_1_385' title='bbox 347 3705 407 3762; x_wconf 54' lang='lat' dir='ltr'><strong>aa&amp;</strong></span> <span class='ocrx_word' id='word_1_386' title='bbox 436 3703 468 3774; x_wconf 69' lang='grc' dir='ltr'><strong>ἢν</strong></span> <span class='ocrx_word' id='word_1_387' title='bbox 494 3702 564 3761; x_wconf 66' lang='lat' dir='ltr'><strong>wsb</strong></span> <span class='ocrx_word' id='word_1_388' title='bbox 589 3724 615 3759; x_wconf 82' lang='grc' dir='ltr'><strong>τι</strong></span> <span class='ocrx_word' id='word_1_389' title='bbox 641 3705 688 3759; x_wconf 69' lang='grc' dir='ltr'><strong><em>καὶ</em></strong></span> <span class='ocrx_word' id='word_1_390' title='bbox 710 3701 860 3778; x_wconf 73' lang='grc' dir='ltr'><strong><em>παράδοξον</em></strong></span> <span class='ocrx_word' id='word_1_391' title='bbox 881 3703 952 3776; x_wconf 71' lang='grc' dir='ltr'><strong><em>αὐτῷ</em></strong></span> <span class='ocrx_word' id='word_1_392' title='bbox 973 3709 1076 3771; x_wconf 76' lang='grc' dir='ltr'><strong><em>συνέβη.</em></strong></span> <span class='ocrx_word' id='word_1_393' title='bbox 1128 3698 1265 3757; x_wconf 80' lang='lat' dir='ltr'><strong>abscisior</strong></span> <span class='ocrx_word' id='word_1_394' title='bbox 1281 3699 1397 3754; x_wconf 85' lang='lat' dir='ltr'><strong>iustitia.</strong></span> <span class='ocrx_word' id='word_1_395' title='bbox 1426 3695 1472 3752; x_wconf 85' lang='lat' dir='ltr'><strong>Ad</strong></span> <span class='ocrx_word' id='word_1_396' title='bbox 1491 3697 1548 3752; x_wconf 88' lang='lat' dir='ltr'><strong>vim</strong></span> <span class='ocrx_word' id='word_1_397' title='bbox 1567 3701 1736 3753; x_wconf 86' lang='lat' dir='ltr'><strong>eternorem</strong></span> <span class='ocrx_word' id='word_1_398' title='bbox 1754 3695 2005 3769; x_wconf 84' lang='lat' dir='ltr'><strong>usqueaeditiosas</strong></span> 
     </span>
     <span class='ocr_line' id='line_1_36' title="bbox 198 3781 2006 3869; baseline -0.005 -21"><span class='ocrx_word' id='word_1_399' title='bbox 198 3795 243 3849; x_wconf 74' lang='grc' dir='ltr'><strong>ἐπί</strong></span> <span class='ocrx_word' id='word_1_400' title='bbox 265 3792 319 3867; x_wconf 85' lang='grc' dir='ltr'><strong>γάρ</strong></span> <span class='ocrx_word' id='word_1_401' title='bbox 340 3792 388 3862; x_wconf 75' lang='grc' dir='ltr'><strong>την</strong></span> <span class='ocrx_word' id='word_1_402' title='bbox 405 3791 501 3869; x_wconf 77' lang='grc' dir='ltr'><strong><em>χάραν</em></strong></span> <span class='ocrx_word' id='word_1_403' title='bbox 518 3789 595 3853; x_wconf 77' lang='grc' dir='ltr'><strong><em>ίξιών</em></strong></span> <span class='ocrx_word' id='word_1_404' title='bbox 611 3788 680 3862; x_wconf 72' lang='grc' dir='ltr'><strong>μετά</strong></span> <span class='ocrx_word' id='word_1_405' title='bbox 698 3791 814 3860; x_wconf 82' lang='grc' dir='ltr'><strong><em>ξιηιιίίοο</em></strong></span> <span class='ocrx_word' id='word_1_406' title='bbox 831 3787 878 3844; x_wconf 78' lang='grc' dir='ltr'><strong>άιά</strong></span> <span class='ocrx_word' id='word_1_407' title='bbox 895 3787 955 3851; x_wconf 80' lang='grc' dir='ltr'><strong><em>τοάς</em></strong></span> <span class='ocrx_word' id='word_1_408' title='bbox 972 3787 1075 3857; x_wconf 82' lang='grc' dir='ltr'><strong><em>ίηαιάς,</em></strong></span> <span class='ocrx_word' id='word_1_409' title='bbox 1129 3785 1272 3841; x_wconf 91' lang='lat' dir='ltr'><strong>contiones</strong></span> <span class='ocrx_word' id='word_1_410' title='bbox 1294 3783 1397 3838; x_wconf 88' lang='lat' dir='ltr'><strong>civium</strong></span> <span class='ocrx_word' id='word_1_411' title='bbox 1418 3786 1572 3854; x_wconf 85' lang='lat' dir='ltr'><strong>pacaverat</strong></span> <span class='ocrx_word' id='word_1_412' title='bbox 1594 3781 1658 3856; x_wconf 89' lang='lat' dir='ltr'><strong>lege</strong></span> <span class='ocrx_word' id='word_1_413' title='bbox 1681 3782 1806 3840; x_wconf 85' lang='lat' dir='ltr'><strong>cavendo</strong></span> <span class='ocrx_word' id='word_1_414' title='bbox 1829 3787 1868 3854; x_wconf 84' lang='lat' dir='ltr'><strong>ut,</strong></span> <span class='ocrx_word' id='word_1_415' title='bbox 1893 3783 1918 3838; x_wconf 90' lang='lat' dir='ltr'><strong>si</strong></span> <span class='ocrx_word' id='word_1_416' title='bbox 1942 3783 2006 3856; x_wconf 83' lang='lat' dir='ltr'><strong>quis</strong></span> 
     </span>
     <span class='ocr_line' id='line_1_37' title="bbox 199 3867 2005 3950; baseline -0.007 -14"><span class='ocrx_word' id='word_1_417' title='bbox 199 3881 246 3936; x_wconf 75' lang='grc' dir='ltr'><strong><em>καί</em></strong></span> <span class='ocrx_word' id='word_1_418' title='bbox 268 3877 336 3935; x_wconf 84' lang='grc' dir='ltr'><strong><em>κατά</em></strong></span> <span class='ocrx_word' id='word_1_419' title='bbox 354 3878 401 3947; x_wconf 75' lang='grc' dir='ltr'><strong>την</strong></span> <span class='ocrx_word' id='word_1_420' title='bbox 418 3877 549 3935; x_wconf 69' lang='grc' dir='ltr'><strong><em>ἐπάνοδον</em></strong></span> <span class='ocrx_word' id='word_1_421' title='bbox 566 3879 703 3944; x_wconf 71' lang='grc' dir='ltr'><strong><em>ἐκκλησίας</em></strong></span> <span class='ocrx_word' id='word_1_422' title='bbox 719 3873 880 3943; x_wconf 75' lang='grc' dir='ltr'><strong>συνεστώσης</strong></span> <span class='ocrx_word' id='word_1_423' title='bbox 897 3877 944 3930; x_wconf 77' lang='grc' dir='ltr'><strong><em>καί</em></strong></span> <span class='ocrx_word' id='word_1_424' title='bbox 961 3875 1078 3950; x_wconf 72' lang='grc' dir='ltr'><strong><em>ταραχῆς</em></strong></span> <span class='ocrx_word' id='word_1_425' title='bbox 1129 3887 1176 3926; x_wconf 83' lang='lat' dir='ltr'><strong>eas</strong></span> <span class='ocrx_word' id='word_1_426' title='bbox 1195 3887 1257 3926; x_wconf 86' lang='lat' dir='ltr'><strong>oum</strong></span> <span class='ocrx_word' id='word_1_427' title='bbox 1276 3867 1348 3925; x_wconf 80' lang='lat' dir='ltr'><strong>terro</strong></span> <span class='ocrx_word' id='word_1_428' title='bbox 1367 3869 1510 3940; x_wconf 82' lang='lat' dir='ltr'><strong>intrasset,</strong></span> <span class='ocrx_word' id='word_1_429' title='bbox 1523 3869 1654 3925; x_wconf 89' lang='lat' dir='ltr'><strong>continuo</strong></span> <span class='ocrx_word' id='word_1_430' title='bbox 1671 3867 1880 3927; x_wconf 84' lang='lat' dir='ltr'><strong>interficeretur.</strong></span> <span class='ocrx_word' id='word_1_431' title='bbox 1914 3867 2005 3926; x_wconf 90' lang='lat' dir='ltr'><strong>Inter-</strong></span> 
     </span>
     <span class='ocr_line' id='line_1_38' title="bbox 200 3954 2005 4036; baseline -0.006 -15"><span class='ocrx_word' id='word_1_432' title='bbox 200 3970 229 4021; x_wconf 68' lang='grc' dir='ltr'><strong>ἐν</strong></span> <span class='ocrx_word' id='word_1_433' title='bbox 251 3972 306 4027; x_wconf 77' lang='grc' dir='ltr'><strong><em>τοῖς</em></strong></span> <span class='ocrx_word' id='word_1_434' title='bbox 322 3964 464 4036; x_wconf 70' lang='grc' dir='ltr'><strong><em>πλήθεσιν,</em></strong></span> <span class='ocrx_word' id='word_1_435' title='bbox 486 3968 612 4036; x_wconf 74' lang='grc' dir='ltr'><strong>προσέστη</strong></span> <span class='ocrx_word' id='word_1_436' title='bbox 633 3961 866 4035; x_wconf 80' lang='grc' dir='ltr'><strong><em>πολυπραγμονῶν</em></strong></span> <span class='ocrx_word' id='word_1_437' title='bbox 887 3959 920 4016; x_wconf 80' lang='grc' dir='ltr'><strong>τά</strong></span> <span class='ocrx_word' id='word_1_438' title='bbox 944 3959 1012 4016; x_wconf 79' lang='grc' dir='ltr'><strong><em>κατά</em></strong></span> <span class='ocrx_word' id='word_1_439' title='bbox 1029 3960 1077 4028; x_wconf 77' lang='grc' dir='ltr'><strong>την</strong></span> <span class='ocrx_word' id='word_1_440' title='bbox 1128 3957 1201 4013; x_wconf 80' lang='lat' dir='ltr'><strong>iacto</strong></span> <span class='ocrx_word' id='word_1_441' title='bbox 1229 3954 1329 4013; x_wconf 89' lang='lat' dir='ltr'><strong>deinde</strong></span> <span class='ocrx_word' id='word_1_442' title='bbox 1346 3959 1474 4028; x_wconf 84' lang='lat' dir='ltr'><strong>tempore</strong></span> <span class='ocrx_word' id='word_1_443' title='bbox 1492 3973 1508 4012; x_wconf 86' lang='lat' dir='ltr'><strong>a</strong></span> <span class='ocrx_word' id='word_1_444' title='bbox 1526 3956 1676 4029; x_wconf 80' lang='lat' dir='ltr'><strong>longinquo</strong></span> <span class='ocrx_word' id='word_1_445' title='bbox 1699 3972 1765 4012; x_wconf 85' lang='lat' dir='ltr'><strong>rure</strong></span> <span class='ocrx_word' id='word_1_446' title='bbox 1785 3954 1879 4028; x_wconf 81' lang='lat' dir='ltr'><strong>gladio</strong></span> <span class='ocrx_word' id='word_1_447' title='bbox 1898 3955 2005 4012; x_wconf 84' lang='lat' dir='ltr'><strong>cinctus</strong></span> 
     </span>
     <span class='ocr_line' id='line_1_39' title="bbox 200 4041 2007 4125; baseline -0.006 -17"><span class='ocrx_word' id='word_1_448' title='bbox 200 4050 302 4108; x_wconf 79' lang='grc' dir='ltr'><strong><em>στάσιν.</em></strong></span> <span class='ocrx_word' id='word_1_449' title='bbox 322 4049 570 4125; x_wconf 74' lang='grc' dir='ltr'><strong>νενογιοάοτηκαάςάΙΙ</strong></span> <span class='ocrx_word' id='word_1_450' title='bbox 581 4045 613 4117; x_wconf 80' lang='grc' dir='ltr'><strong>ἦν</strong></span> <span class='ocrx_word' id='word_1_451' title='bbox 621 4049 724 4122; x_wconf 73' lang='grc' dir='ltr'><strong><em>μηδένα</em></strong></span> <span class='ocrx_word' id='word_1_452' title='bbox 733 4047 794 4121; x_wconf 65' lang='lat' dir='ltr'><strong>psat</strong></span> <span class='ocrx_word' id='word_1_453' title='bbox 804 4045 885 4102; x_wconf 75' lang='lat' dir='ltr'><strong>iniec</strong></span> <span class='ocrx_word' id='word_1_454' title='bbox 893 4044 1077 4115; x_wconf 73' lang='grc' dir='ltr'><strong><em>ἐκκλησιάζειν,</em></strong></span> <span class='ocrx_word' id='word_1_455' title='bbox 1129 4042 1243 4100; x_wconf 85' lang='lat' dir='ltr'><strong>domurn</strong></span> <span class='ocrx_word' id='word_1_456' title='bbox 1265 4047 1405 4116; x_wconf 87' lang='lat' dir='ltr'><strong>repetens,</strong></span> <span class='ocrx_word' id='word_1_457' title='bbox 1428 4041 1522 4099; x_wconf 89' lang='lat' dir='ltr'><strong>subito</strong></span> <span class='ocrx_word' id='word_1_458' title='bbox 1545 4041 1651 4100; x_wconf 88' lang='lat' dir='ltr'><strong>indicta</strong></span> <span class='ocrx_word' id='word_1_459' title='bbox 1673 4043 1802 4099; x_wconf 86' lang='lat' dir='ltr'><strong>contione</strong></span> <span class='ocrx_word' id='word_1_460' title='bbox 1820 4042 1861 4098; x_wconf 88' lang='lat' dir='ltr'><strong>sic</strong></span> <span class='ocrx_word' id='word_1_461' title='bbox 1887 4047 1919 4098; x_wconf 88' lang='lat' dir='ltr'><strong>ut</strong></span> <span class='ocrx_word' id='word_1_462' title='bbox 1944 4045 2007 4098; x_wconf 88' lang='lat' dir='ltr'><strong>erat</strong></span> 
     </span>
     <span class='ocr_line' id='line_1_40' title="bbox 200 4129 2005 4208; baseline -0.005 -15"><span class='ocrx_word' id='word_1_463' title='bbox 200 4141 247 4194; x_wconf 89' lang='grc' dir='ltr'><strong><em>καί</em></strong></span> <span class='ocrx_word' id='word_1_464' title='bbox 276 4135 471 4208; x_wconf 72' lang='grc' dir='ltr'><strong><em>ἐπιλαθόμενος</em></strong></span> <span class='ocrx_word' id='word_1_465' title='bbox 499 4135 539 4192; x_wconf 79' lang='lat' dir='ltr'><strong>‘a&#39;n</strong></span> <span class='ocrx_word' id='word_1_466' title='bbox 568 4133 599 4191; x_wconf 80' lang='grc' dir='ltr'><strong>τά</strong></span> <span class='ocrx_word' id='word_1_467' title='bbox 626 4137 701 4205; x_wconf 76' lang='grc' dir='ltr'><strong><em>ξίηος</em></strong></span> <span class='ocrx_word' id='word_1_468' title='bbox 727 4136 897 4208; x_wconf 71' lang='grc' dir='ltr'><strong>παρέζωσται,</strong></span> <span class='ocrx_word' id='word_1_469' title='bbox 925 4133 1078 4207; x_wconf 72' lang='grc' dir='ltr'><strong><em>παρέδωκεν</em></strong></span> <span class='ocrx_word' id='word_1_470' title='bbox 1127 4131 1157 4186; x_wconf 90' lang='lat' dir='ltr'><strong>iu</strong></span> <span class='ocrx_word' id='word_1_471' title='bbox 1180 4148 1241 4187; x_wconf 90' lang='lat' dir='ltr'><strong>eam</strong></span> <span class='ocrx_word' id='word_1_472' title='bbox 1264 4132 1410 4203; x_wconf 86' lang='lat' dir='ltr'><strong>processit,</strong></span> <span class='ocrx_word' id='word_1_473' title='bbox 1432 4129 1468 4186; x_wconf 90' lang='lat' dir='ltr'><strong>ab</strong></span> <span class='ocrx_word' id='word_1_474' title='bbox 1491 4147 1589 4202; x_wconf 89' lang='lat' dir='ltr'><strong>eoque,</strong></span> <span class='ocrx_word' id='word_1_475' title='bbox 1614 4131 1661 4202; x_wconf 92' lang='lat' dir='ltr'><strong>qui</strong></span> <span class='ocrx_word' id='word_1_476' title='bbox 1682 4129 1809 4202; x_wconf 88' lang='lat' dir='ltr'><strong>proxime</strong></span> <span class='ocrx_word' id='word_1_477' title='bbox 1833 4129 2005 4194; x_wconf 81' lang='lat' dir='ltr'><strong>comtiterat,</strong></span> 
     </span>
     <span class='ocr_line' id='line_1_41' title="bbox 200 4211 2005 4299; baseline -0.005 -19"><span class='ocrx_word' id='word_1_478' title='bbox 200 4229 309 4299; x_wconf 71' lang='grc' dir='ltr'><strong><em>ἐχθροῖς</em></strong></span> <span class='ocrx_word' id='word_1_479' title='bbox 341 4242 411 4278; x_wconf 84' lang='grc' dir='ltr'><strong><em>τισιν</em></strong></span> <span class='ocrx_word' id='word_1_480' title='bbox 444 4220 570 4298; x_wconf 76' lang='grc' dir='ltr'><strong><em>άηορμῆν</em></strong></span> <span class='ocrx_word' id='word_1_481' title='bbox 604 4225 771 4296; x_wconf 78' lang='grc' dir='ltr'><strong><em>κατηγορίας.</em></strong></span> <span class='ocrx_word' id='word_1_482' title='bbox 807 4211 845 4275; x_wconf 79' lang='grc' dir='ltr'><strong>ὧν</strong></span> <span class='ocrx_word' id='word_1_483' title='bbox 873 4217 932 4281; x_wconf 79' lang='grc' dir='ltr'><strong><em>ίνάς</em></strong></span> <span class='ocrx_word' id='word_1_484' title='bbox 961 4217 1078 4281; x_wconf 80' lang='grc' dir='ltr'><strong><em>ιίπάνοος</em></strong></span> <span class='ocrx_word' id='word_1_485' title='bbox 1129 4215 1238 4274; x_wconf 87' lang='lat' dir='ltr'><strong>solutae</strong></span> <span class='ocrx_word' id='word_1_486' title='bbox 1260 4235 1278 4273; x_wconf 91' lang='lat' dir='ltr'><strong>a</strong></span> <span class='ocrx_word' id='word_1_487' title='bbox 1299 4234 1330 4274; x_wconf 87' lang='lat' dir='ltr'><strong>ee</strong></span> <span class='ocrx_word' id='word_1_488' title='bbox 1348 4217 1420 4290; x_wconf 88' lang='lat' dir='ltr'><strong>legis</strong></span> <span class='ocrx_word' id='word_1_489' title='bbox 1438 4234 1506 4273; x_wconf 85' lang='lat' dir='ltr'><strong>suae</strong></span> <span class='ocrx_word' id='word_1_490' title='bbox 1524 4215 1682 4273; x_wconf 88' lang='lat' dir='ltr'><strong>admonitus</strong></span> <span class='ocrx_word' id='word_1_491' title='bbox 1695 4213 1807 4285; x_wconf 87' lang='lat' dir='ltr'><strong>„ldem“</strong></span> <span class='ocrx_word' id='word_1_492' title='bbox 1824 4215 1916 4288; x_wconf 89' lang='lat' dir='ltr'><strong>iuquit</strong></span> <span class='ocrx_word' id='word_1_493' title='bbox 1934 4231 2005 4287; x_wconf 90' lang='lat' dir='ltr'><strong>„ego</strong></span> 
     </span>
     <span class='ocr_line' id='line_1_42' title="bbox 201 4298 2006 4381; baseline -0.004 -17"><span class='ocrx_word' id='word_1_494' title='bbox 201 4305 716 4380; x_wconf 75' lang='grc' dir='ltr'><strong><em>,,καταλέλνκσςοάνίάισννόμον“,,,μά</em></strong></span> <span class='ocrx_word' id='word_1_495' title='bbox 727 4306 876 4376; x_wconf 75' lang='grc' dir='ltr'><strong><em>Δι”“οίπεν,</em></strong></span> <span class='ocrx_word' id='word_1_496' title='bbox 889 4303 1078 4381; x_wconf 63' lang='grc' dir='ltr'><strong>ἱ,άάλάκὺρισν</strong></span> <span class='ocrx_word' id='word_1_497' title='bbox 1129 4303 1207 4360; x_wconf 88' lang='lat' dir='ltr'><strong>illam</strong></span> <span class='ocrx_word' id='word_1_498' title='bbox 1238 4303 1379 4360; x_wconf 86' lang='lat' dir='ltr'><strong>sanciam“</strong></span> <span class='ocrx_word' id='word_1_499' title='bbox 1414 4320 1447 4359; x_wconf 84' lang='lat' dir='ltr'><strong>ac</strong></span> <span class='ocrx_word' id='word_1_500' title='bbox 1481 4303 1608 4374; x_wconf 86' lang='lat' dir='ltr'><strong>protinus</strong></span> <span class='ocrx_word' id='word_1_501' title='bbox 1643 4301 1730 4371; x_wconf 83' lang='lat' dir='ltr'><strong>ferro,</strong></span> <span class='ocrx_word' id='word_1_502' title='bbox 1765 4300 1840 4374; x_wconf 88' lang='lat' dir='ltr'><strong>quod</strong></span> <span class='ocrx_word' id='word_1_503' title='bbox 1873 4298 2006 4370; x_wconf 85' lang='lat' dir='ltr'><strong>habebat,</strong></span> 
     </span>
     <span class='ocr_line' id='line_1_43' title="bbox 201 4385 2006 4469; baseline -0.006 -17"><span class='ocrx_word' id='word_1_504' title='bbox 201 4393 326 4464; x_wconf 78' lang='grc' dir='ltr'><strong><em>ποιησω“.</em></strong></span> <span class='ocrx_word' id='word_1_505' title='bbox 345 4397 391 4451; x_wconf 77' lang='grc' dir='ltr'><strong><em>καί</em></strong></span> <span class='ocrx_word' id='word_1_506' title='bbox 410 4393 581 4469; x_wconf 72' lang='grc' dir='ltr'><strong><em>σπασάμενος</em></strong></span> <span class='ocrx_word' id='word_1_507' title='bbox 597 4391 628 4449; x_wconf 80' lang='grc' dir='ltr'><strong>τά</strong></span> <span class='ocrx_word' id='word_1_508' title='bbox 644 4393 761 4464; x_wconf 65' lang='grc' dir='ltr'><strong><em>ξιφίδιον</em></strong></span> <span class='ocrx_word' id='word_1_509' title='bbox 779 4391 873 4449; x_wconf 71' lang='grc' dir='ltr'><strong><em>ἑαυτὸν</em></strong></span> <span class='ocrx_word' id='word_1_510' title='bbox 890 4391 1048 4462; x_wconf 60' lang='lat' dir='ltr'><strong>(integatur.</strong></span> <span class='ocrx_word' id='word_1_511' title='bbox 1130 4389 1264 4447; x_wconf 84' lang='lat' dir='ltr'><strong>destricto</strong></span> <span class='ocrx_word' id='word_1_512' title='bbox 1273 4388 1407 4460; x_wconf 73' lang='lat' dir='ltr'><strong>incubuit,</strong></span> <span class='ocrx_word' id='word_1_513' title='bbox 1417 4405 1535 4461; x_wconf 88' lang='lat' dir='ltr'><strong>cumque</strong></span> <span class='ocrx_word' id='word_1_514' title='bbox 1545 4388 1644 4445; x_wconf 86' lang='lat' dir='ltr'><strong>liceret</strong></span> <span class='ocrx_word' id='word_1_515' title='bbox 1652 4388 1761 4460; x_wconf 86' lang='lat' dir='ltr'><strong>culpam</strong></span> <span class='ocrx_word' id='word_1_516' title='bbox 1771 4385 1817 4444; x_wconf 86' lang='lat' dir='ltr'><strong>vel</strong></span> <span class='ocrx_word' id='word_1_517' title='bbox 1830 4385 2006 4444; x_wconf 82' lang='lat' dir='ltr'><strong>dissimulare</strong></span> 
     </span>
    </p>

    <p class='ocr_par' dir='ltr' id='par_1_17' title="bbox 1130 4474 2006 4633">
     <span class='ocr_line' id='line_1_44' title="bbox 1130 4474 2006 4547; baseline -0.006 -13"><span class='ocrx_word' id='word_1_518' title='bbox 1130 4476 1177 4534; x_wconf 83' lang='lat' dir='ltr'><strong>vel</strong></span> <span class='ocrx_word' id='word_1_519' title='bbox 1207 4493 1302 4534; x_wconf 86' lang='lat' dir='ltr'><strong>errore</strong></span> <span class='ocrx_word' id='word_1_520' title='bbox 1332 4474 1491 4544; x_wconf 82' lang='lat' dir='ltr'><strong>defendere,</strong></span> <span class='ocrx_word' id='word_1_521' title='bbox 1521 4491 1641 4547; x_wconf 88' lang='lat' dir='ltr'><strong>poenam</strong></span> <span class='ocrx_word' id='word_1_522' title='bbox 1669 4479 1764 4531; x_wconf 86' lang='lat' dir='ltr'><strong>tamen</strong></span> <span class='ocrx_word' id='word_1_523' title='bbox 1793 4477 2006 4547; x_wconf 87' lang='lat' dir='ltr'><strong>repraesentare</strong></span> 
     </span>
     <span class='ocr_line' id='line_1_45' title="bbox 1130 4559 1709 4633; baseline -0.003 -15"><span class='ocrx_word' id='word_1_524' title='bbox 1130 4561 1239 4631; x_wconf 88' lang='lat' dir='ltr'><strong>maluit,</strong></span> <span class='ocrx_word' id='word_1_525' title='bbox 1256 4578 1291 4618; x_wconf 86' lang='lat' dir='ltr'><strong>ne</strong></span> <span class='ocrx_word' id='word_1_526' title='bbox 1310 4577 1366 4633; x_wconf 90' lang='lat' dir='ltr'><strong>qua</strong></span> <span class='ocrx_word' id='word_1_527' title='bbox 1382 4560 1458 4617; x_wconf 78' lang='lat' dir='ltr'><strong>hans</strong></span> <span class='ocrx_word' id='word_1_528' title='bbox 1476 4561 1602 4618; x_wconf 86' lang='lat' dir='ltr'><strong>iustitiae</strong></span> <span class='ocrx_word' id='word_1_529' title='bbox 1619 4559 1709 4618; x_wconf 83' lang='lat' dir='ltr'><strong>fieret</strong></span> 
     </span>
    </p>
   </div>
   <div class='ocr_carea' id='block_1_8' title="bbox 355 4666 2007 4753">
    <p class='ocr_par' dir='ltr' id='par_1_18' title="bbox 355 4666 2007 4753">
     <span class='ocr_line' id='line_1_46' title="bbox 355 4666 2007 4753; baseline -0.007 -13"><span class='ocrx_word' id='word_1_530' title='bbox 355 4676 484 4740; x_wconf 90' lang='lat' dir='ltr'><strong>Horum</strong></span> <span class='ocrx_word' id='word_1_531' title='bbox 517 4675 666 4737; x_wconf 90' lang='lat' dir='ltr'><strong>locorum</strong></span> <span class='ocrx_word' id='word_1_532' title='bbox 700 4672 943 4753; x_wconf 87' lang='lat' dir='ltr'><strong>comparatione</strong></span> <span class='ocrx_word' id='word_1_533' title='bbox 977 4672 1128 4735; x_wconf 68' lang='lat' dir='ltr'><strong>instituite</strong></span> <span class='ocrx_word' id='word_1_534' title='bbox 1153 4668 1286 4731; x_wconf 90' lang='lat' dir='ltr'><strong>Valerio</strong></span> <span class='ocrx_word' id='word_1_535' title='bbox 1320 4687 1396 4730; x_wconf 91' lang='lat' dir='ltr'><strong>cum</strong></span> <span class='ocrx_word' id='word_1_536' title='bbox 1421 4666 1569 4731; x_wconf 90' lang='lat' dir='ltr'><strong>Diodoro</strong></span> <span class='ocrx_word' id='word_1_537' title='bbox 1603 4668 1792 4731; x_wconf 88' lang='lat' dir='ltr'><strong>communia</strong></span> <span class='ocrx_word' id='word_1_538' title='bbox 1817 4683 1892 4731; x_wconf 86' lang='lat' dir='ltr'><strong>esse</strong></span> <span class='ocrx_word' id='word_1_539' title='bbox 1924 4667 2007 4730; x_wconf 90' lang='lat' dir='ltr'><strong>haec</strong></span> 
     </span>
    </p>
   </div>
   <div class='ocr_carea' id='block_1_9' title="bbox 200 4781 2006 5035">
    <p class='ocr_par' dir='ltr' id='par_1_19' title="bbox 200 4781 2006 5035">
     <span class='ocr_line' id='line_1_47' title="bbox 201 4781 500 4846; baseline -0.02 0"><span class='ocrx_word' id='word_1_540' title='bbox 201 4781 414 4846; x_wconf 70' lang='lat' dir='ltr'><strong>sumendum</strong></span> <span class='ocrx_word' id='word_1_541' title='bbox 436 4784 500 4842; x_wconf 89' lang='lat' dir='ltr'><strong>eet:</strong></span> 
     </span>
     <span class='ocr_line' id='line_1_48' title="bbox 200 4870 2006 4955; baseline -0.007 -15"><span class='ocrx_word' id='word_1_542' title='bbox 200 4886 243 4940; x_wconf 72' lang='grc' dir='ltr'><strong>ἐπὶ</strong></span> <span class='ocrx_word' id='word_1_543' title='bbox 262 4927 269 4940; x_wconf 95' lang='grc'><strong>.</strong></span> <span class='ocrx_word' id='word_1_544' title='bbox 287 4881 335 4951; x_wconf 74' lang='grc' dir='ltr'><strong>τὴν</strong></span> <span class='ocrx_word' id='word_1_545' title='bbox 349 4879 445 4955; x_wconf 77' lang='grc' dir='ltr'><strong><em>χάραν</em></strong></span> <span class='ocrx_word' id='word_1_546' title='bbox 462 4877 539 4942; x_wconf 68' lang='grc' dir='ltr'><strong><em>ἐξιών</em></strong></span> <span class='ocrx_word' id='word_1_547' title='bbox 555 4875 623 4952; x_wconf 76' lang='grc' dir='ltr'><strong>μετά</strong></span> <span class='ocrx_word' id='word_1_548' title='bbox 641 4878 758 4949; x_wconf 77' lang='grc' dir='ltr'><strong><em>ξιφιδίου</em></strong></span> <span class='ocrx_word' id='word_1_549' title='bbox 1130 4891 1145 4928; x_wconf 92' lang='lat' dir='ltr'><strong>a</strong></span> <span class='ocrx_word' id='word_1_550' title='bbox 1164 4871 1317 4945; x_wconf 84' lang='lat' dir='ltr'><strong>longinquo</strong></span> <span class='ocrx_word' id='word_1_551' title='bbox 1336 4888 1401 4928; x_wconf 85' lang='lat' dir='ltr'><strong>rure</strong></span> <span class='ocrx_word' id='word_1_552' title='bbox 1418 4870 1514 4944; x_wconf 82' lang='lat' dir='ltr'><strong>gladio</strong></span> <span class='ocrx_word' id='word_1_553' title='bbox 1525 4873 1632 4930; x_wconf 84' lang='lat' dir='ltr'><strong>cinctus</strong></span> <span class='ocrx_word' id='word_1_554' title='bbox 1998 4909 2006 4939; x_wconf 89' lang='lat'><strong>,</strong></span> 
     </span>
     <span class='ocr_line' id='line_1_49' title="bbox 202 4957 1784 5035; baseline -0.006 -11"><span class='ocrx_word' id='word_1_555' title='bbox 202 4967 269 5024; x_wconf 77' lang='grc' dir='ltr'><strong><em>κατά</em></strong></span> <span class='ocrx_word' id='word_1_556' title='bbox 287 4966 335 5035; x_wconf 75' lang='grc' dir='ltr'><strong>τὴν</strong></span> <span class='ocrx_word' id='word_1_557' title='bbox 351 4965 482 5022; x_wconf 78' lang='grc' dir='ltr'><strong><em>ίαάνοιίον</em></strong></span> <span class='ocrx_word' id='word_1_558' title='bbox 499 4967 637 5032; x_wconf 69' lang='grc' dir='ltr'><strong><em>ἐκκλησίας</em></strong></span> <span class='ocrx_word' id='word_1_559' title='bbox 654 4962 815 5030; x_wconf 79' lang='grc' dir='ltr'><strong><em>σονεοοάοης</em></strong></span> <span class='ocrx_word' id='word_1_560' title='bbox 1131 4957 1244 5016; x_wconf 91' lang='lat' dir='ltr'><strong>domum</strong></span> <span class='ocrx_word' id='word_1_561' title='bbox 1261 4963 1402 5030; x_wconf 86' lang='lat' dir='ltr'><strong>repetens,</strong></span> <span class='ocrx_word' id='word_1_562' title='bbox 1420 4958 1513 5016; x_wconf 91' lang='lat' dir='ltr'><strong>subito</strong></span> <span class='ocrx_word' id='word_1_563' title='bbox 1530 4957 1637 5016; x_wconf 85' lang='lat' dir='ltr'><strong>indicta</strong></span> <span class='ocrx_word' id='word_1_564' title='bbox 1654 4957 1784 5015; x_wconf 72' lang='lat' dir='ltr'><strong>condona</strong></span> 
     </span>
    </p>
   </div>
   <div class='ocr_carea' id='block_1_10' title="bbox 203 5041 2005 5190">
    <p class='ocr_par' dir='ltr' id='par_1_20' title="bbox 203 5041 2005 5190">
     <span class='ocr_line' id='line_1_50' title="bbox 203 5041 2005 5190; baseline -0.006 -80"><span class='ocrx_word' id='word_1_565' title='bbox 203 5051 418 5128; x_wconf 73' lang='grc' dir='ltr'><strong><em>νινομοθοιηκώς</em></strong></span> <span class='ocrx_word' id='word_1_566' title='bbox 437 5053 466 5104; x_wconf 73' lang='grc' dir='ltr'><strong>δ’</strong></span> <span class='ocrx_word' id='word_1_567' title='bbox 484 5045 516 5118; x_wconf 80' lang='grc' dir='ltr'><strong>ἦν</strong></span> <span class='ocrx_word' id='word_1_568' title='bbox 533 5053 635 5126; x_wconf 76' lang='grc' dir='ltr'><strong><em>μηδένα</em></strong></span> <span class='ocrx_word' id='word_1_569' title='bbox 653 5050 715 5124; x_wconf 71' lang='grc' dir='ltr'><strong>μεθ’</strong></span> <span class='ocrx_word' id='word_1_570' title='bbox 736 5048 817 5108; x_wconf 70' lang='lat' dir='ltr'><strong>tuae</strong></span> <span class='ocrx_word' id='word_1_571' title='bbox 834 5047 1010 5117; x_wconf 73' lang='grc' dir='ltr'><strong><em>άκκλησιάζειν</em></strong></span> <span class='ocrx_word' id='word_1_572' title='bbox 1131 5044 1225 5190; x_wconf 58' lang='grc' dir='ltr'><strong>1σὶσῶ</strong></span> <span class='ocrx_word' id='word_1_573' title='bbox 1223 5041 1348 5100; x_wconf 86' lang='lat' dir='ltr'><strong>cavendo</strong></span> <span class='ocrx_word' id='word_1_574' title='bbox 1375 5049 1415 5115; x_wconf 89' lang='lat' dir='ltr'><strong>ut,</strong></span> <span class='ocrx_word' id='word_1_575' title='bbox 1443 5045 1467 5100; x_wconf 88' lang='lat' dir='ltr'><strong>si</strong></span> <span class='ocrx_word' id='word_1_576' title='bbox 1494 5045 1556 5118; x_wconf 88' lang='lat' dir='ltr'><strong>quis</strong></span> <span class='ocrx_word' id='word_1_577' title='bbox 1584 5061 1631 5102; x_wconf 72' lang='lat' dir='ltr'><strong>ees</strong></span> <span class='ocrx_word' id='word_1_578' title='bbox 1655 5061 1716 5102; x_wconf 85' lang='lat' dir='ltr'><strong>cum</strong></span> <span class='ocrx_word' id='word_1_579' title='bbox 1740 5041 1812 5101; x_wconf 81' lang='lat' dir='ltr'><strong>ferro</strong></span> <span class='ocrx_word' id='word_1_580' title='bbox 1835 5041 1976 5110; x_wconf 78' lang='lat' dir='ltr'><strong>intrasset,</strong></span> <span class='ocrx_word' id='word_1_581' title='bbox 1999 5085 2005 5100; x_wconf 89' lang='lat'>.</span> 
     </span>
     <span class='ocr_line' id='line_1_51' title="bbox 1131 5133 1343 5190; baseline 0.009 -2"><span class='ocrx_word' id='word_1_582' title='bbox 1131 5133 1161 5188; x_wconf 91' lang='lat' dir='ltr'><strong>in</strong></span> <span class='ocrx_word' id='word_1_583' title='bbox 1226 5134 1343 5190; x_wconf 88' lang='lat' dir='ltr'><strong>caretur.</strong></span> 
     </span>
    </p>
   </div>
   <div class='ocr_carea' id='block_1_11' title="bbox 0 0 2224 5668">
    <p class='ocr_par' dir='ltr' id='par_1_21' title="bbox 0 0 2224 5668">
     <span class='ocr_line' id='line_1_52' title="bbox 0 0 2224 5668; baseline 0 0"><span class='ocrx_word' id='word_1_584' title='bbox 0 0 2224 5668; x_wconf 95' lang='lat' dir='ltr'><strong> </strong></span> 
     </span>
    </p>
   </div>
  </div>
 </body>
</html>
