4440 5674
1002 183 1118 300 ...9
1174 262 1216 282 .-

204 447 406 514 meminisse.
451 445 569 528 Neque
595 445 731 509 maioris
758 446 915 508 momenti
942 451 1005 517 eet,
1030 443 1121 524 quod
1147 444 1316 508 Diodorus
1343 445 1499 526 explicat,
1527 461 1570 508 ex
1598 464 1665 526 qno
1689 439 1845 509 thesauro
1869 445 2011 526 pecnnia

206 555 381 634 desumpta
407 552 464 626 eit,
497 551 625 613 assecla
650 550 737 612 hanc
764 568 834 611 rem
860 549 1096 630 praetermittit.
1142 547 1209 611 Iam
1231 568 1311 611 vero
1332 550 1592 652 hicorationem
1616 549 1785 629 obliquam
1808 551 1952 612 auctoris
1974 550 2010 612 in

205 658 363 722 directam
399 655 498 719 vertit
535 661 634 735 atque
671 654 708 716 in
745 653 842 716 vanis
880 653 1129 726 additamentis,
1167 672 1253 733 quae
1291 653 1472 716 narrationi
1514 653 1623 727 inicit,
1661 654 1753 716 velut
1793 659 1967 728 „secrete
2002 703 2009 719 .

207 762 429 825 sedentem“
456 764 488 822 et
510 777 603 833 „suo
627 757 795 822 oonsilio
819 757 1036 830 defectus“‚
1059 761 1221 819 vereatur.
1254 756 1347 818 Nihil
1362 757 1465 836 igitur
1478 756 1594 830 habes,
1618 756 1709 836 quod
1725 757 1901 832 discordia,
1925 777 2011 838 quae

206 867 292 929 inter
314 865 399 928 duce
423 863 600 944 scriptores
616 862 898 936 animadvertitur,
922 865 1105 923 commotus
1120 861 1184 924 hoc
1199 860 1388 941 exemplum
1403 860 1543 925 Diodori
1557 860 1742 923 auctoritati
1756 879 1825 924 non
1840 861 2010 925 attribuas.

206 969 319 1042 Immo,
344 968 374 1030 ei
395 967 478 1031 haec
499 966 603 1030 verba
617 966 794 1047 utriusque
810 965 981 1046 scriptoris

206 1110 272 1164 παῖς
289 1102 328 1158 ὢν
344 1101 393 1172 τήν
410 1101 523 1170 ήλικύαν,
1137 1095 1229 1155 adhue
1246 1115 1318 1171 puer
2005 1140 2012 1171 ,

207 1189 320 1266 θεωρῶν
338 1186 405 1245 ,τόν
422 1195 499 1244 θεῖον
520 1185 686 1262 λοποόμενον
703 1186 847 1262 ἐπηρώτησε
870 1185 918 1256 τήν
934 1193 1024 1243 atrior
1042 1185 1086 1256 τῆς
1137 1201 1201 1240 eum
1220 1228 1226 1240 .
1246 1225 1277 1244 ..
1300 1226 1307 1241 .
1328 1184 1496 1242 avunculum
1520 1203 1602 1242 suum
1629 1229 1636 1246 .
1659 1186 1824 1244 ..tristem
1851 1227 1859 1242 .
1884 1185 2012 1257 vidisset,

208 1274 299 1344 λύπης·
1137 1272 1326 1344 interrogavit
1352 1271 1419 1345 quid
1445 1273 1487 1328 ita
1513 1275 1621 1329 tantm
1653 1273 1682 1328 in
1713 1272 1793 1330 vultu
1823 1273 2014 1331 confusionem

207 1447 253 1504 τού
270 1448 298 1502 δύ
315 1449 472 1518 Περικλέους
489 1446 608 1509 εέπόντος
628 1485 634 1499 .
654 1485 661 1500 .
681 1485 687 1498 .
707 1482 714 1498 ·
733 1445 797 1512 ζητῶ
818 1445 874 1506 πῶς
894 1443 930 1500 άν
950 1444 1086 1516 δυναίμην
1137 1362 1372 1500 {tritithdieente
1390 1461 1526 1501 ....nen
1544 1443 1671 1503 invenire
1689 1461 1745 1518 que
1766 1449 1848 1519 paeto
1865 1399 2015 1502 ministerii

208 1531 355 1590 ἀποδοῦναι
372 1529 420 1589 τόν
437 1534 498 1607 περὶ
515 1531 614 1588 τούτων
631 1531 713 1604 λόγον
1138 1530 1278 1587 rationem
1295 1528 1430 1587 redderet
2008 1571 2015 1598 ,

208 1625 318 1675 σκοπεῖν
335 1616 403 1674 ἀλλά
420 1618 477 1680 πῶς
493 1617 532 1692 μή
551 1618 653 1690 ἀποδῷ.
1140 1633 1261 1689 „quaere
1282 1618 1377 1690 potius
1396 1615 1631 1690 quemadmodum
1648 1617 1786 1674 rationem
1808 1635 1864 1674 non
1887 1616 2015 1676 reddas.“

209 1706 338 1782 Περικλῆς
355 1703 554 1778 ἀποδεξάμενος
570 1703 617 1772 τήν
635 1705 681 1763 τού
698 1701 794 1766 παιδός
812 1702 958 1774 ἀπόφασιν.
1140 1721 1192 1760 sue
1210 1702 1325 1760 consilio
1343 1702 1468 1760 deiectus
1486 1704 1589 1776 puerili
1605 1721 1674 1760 usus
1693 1709 1738 1760 est
2009 1746 2016 1772 ,

209 1789 308 1858 ἐζήτησε
321 1792 356 1847 δι’
373 1780 511 1866 οότρόπον
523 1789 582 1852 τούς
590 1791 748 1859 Ἀθηναίους
757 1788 857 1846 δύναιτ’
868 1788 903 1844 ἀν
915 1791 1041 1862 ἐμβαλεῖν
1052 1793 1090 1851 etc
1140 1787 1169 1845 id
1188 1790 1257 1861 egit,
1275 1793 1312 1846 ut
1324 1788 1514 1848 Athenienses
1531 1789 1650 1848 finitimo
1667 1789 1794 1864 inplicati
1812 1789 1886 1847 belle
2009 1831 2017 1862 ‚

418 1898 441 1931 ν.

210 1880 470 2039 διλάαόήάωάἐτῖαχήν
483 2003 490 2016 .
502 2003 507 2016 .
519 2005 525 2018 .
538 2003 544 2018 .
558 1961 731 2033 ἐκηεόξεσθαι
751 1961 798 2018 τόν
821 1961 917 2039 ἀκριβῆ
938 1959 1020 2034 λόγον
1036 1961 1090 2017 τῶν
1141 1961 1297 2019 rationibus
1317 1959 1462 2036 exigendis
1481 1979 1536 2019 nen
1554 1967 1696 2021 vseerent.

208 2071 367 2126 rerem·

211 2157 249 2220 in
271 2157 547 2238 comparationem
568 2155 751 2230 vocaveris,
773 2153 898 2218 Valerii
921 2153 1109 2234 exemplum
1132 2173 1150 2217 e
1171 2154 1311 2219 Diodori
1332 2155 1405 2218 loco
1427 2154 1568 2220 fluxisse
1591 2157 1763 2221 concedas.

366 2260 434 2324 Iam
449 2260 601 2342 quaestio
618 2259 753 2324 accedat
767 2259 810 2322 ad
825 2259 1011 2339 exemplum
1027 2255 1080 2331 IH.
1097 2258 1127 2332 3,
1148 2264 1213 2321 ext.
1229 2257 1260 2334 3,
1283 2259 1375 2340 quod
1396 2259 1480 2322 mihi
1495 2261 1572 2324 item
1594 2260 1638 2324 ad
1653 2259 1837 2324 Diodorum
1853 2267 2020 2325 auctorem

212 2364 419 2428 referendum
441 2364 681 2427 videturesse.
725 2362 885 2427 Conferae
906 2363 970 2425 hoe
990 2361 1096 2425 locos:

463 2515 544 2574 Diod.
557 2515 611 2575 Sic.
624 2517 661 2586 X,
678 2521 713 2575 42
732 2513 767 2573 V.
779 2519 840 2576 250.
1395 2515 1458 2574 Vel.
1471 2515 1545 2572 Max.
1557 2515 1608 2588 111,
1626 2519 1653 2585 3,
1671 2519 1726 2573 ext.
1738 2519 1764 2576 3.

275 2619 335 2676 Ὅτι
350 2627 563 2696 τυραννουμένης
573 2622 617 2691 τής
628 2623 754 2698 πατρίδος
765 2619 817 2678 ύπό
834 2620 956 2697 Νεάρχου
967 2622 1091 2696 σκληρῶς,
1212 2617 1349 2677 Eiusdem
1378 2619 1500 2676 neminie
1527 2617 1677 2692 (sezene)
1705 2618 1898 2693 philosophus,
1923 2637 2022 2677 eume.

212 2705 353 2776 ἐπιβουλήν
379 2699 448 2763 κατά
474 2709 521 2764 τού
545 2708 677 2784 τορύννον
702 2707 879 2776 κατεστήσατο
905 2707 956 2780 (se.
973 2707 1090 2780 Ζήνων).
1144 2703 1273 2764 Nearcho
1304 2711 1439 2779 tyranno,
1466 2705 1501 2762 de
1528 2707 1607 2763 cuius
1637 2723 1705 2762 nece
1732 2706 1878 2763 consilium
1909 2707 2019 2778 inierat,

214 2793 369 2865 καταφανής
391 2795 421 2848 δέ
442 2793 585 2868 γενόμενος
590 2833 599 2862 ,
621 2797 668 2850 καλ
689 2793 758 2850 κατά
779 2793 827 2858 τάς
844 2799 874 2850 ἐν
890 2801 948 2857 ταῖς
964 2793 1092 2864 βασάνοις
1144 2796 1324 2865 torqueretur
1341 2793 1472 2866 supplicii
1484 2793 1591 2865 pariter
1603 2797 1688 2866 atque
1700 2791 1913 2850 indicendorum
1924 2795 2019 2866 gratie

213 2880 337 2953 ἀνάγκας
368 2878 564 2952 διερωτώμενος
590 2878 641 2936 ύπύ
662 2880 709 2937 τού
732 2879 853 2957 Νεάρχου
879 2887 948 2943 τινες
974 2877 1040 2949 ἦσαν
1066 2885 1092 2937 ολ
1145 2881 1327 2948 consciorum,
1351 2878 1456 2935 doloris
1480 2879 1579 2950 victor,
1604 2877 1654 2935 sed
1676 2877 1791 2936 ultionis
1810 2879 1935 2952 cupidus,
1959 2897 2021 2938 esee

214 2963 368 3031 σννειδύτες,
380 2963 513 3036 ,ἷΩφελον
526 2965 605 3039 γάρ’,
619 2971 721 3036 ἐηησεν,
733 2965 837 3040 ,ὥσπερ
854 2967 898 3034 τής
909 2965 1024 3040 γλώττης
1035 2971 1092 3042 ελμλ
1144 2963 1216 3021 dixit
1242 2964 1317 3038 quod
1343 2969 1453 3022 cenete
1480 2965 1578 3022 audire
1601 2983 1666 3022 eum
1689 2964 1840 3023 admodum
1868 2966 2021 3038 expediret,

214 3050 312 3128 κύριος,
330 3051 411 3114 οὕτως
429 3051 547 3127 ύπῖηρχον
564 3056 611 3108 καλ
628 3055 674 3110 roi»
691 3052 840 3124 σιόματος.“
859 3054 904 3110 τοῦ
922 3055 950 3110 δὲ
962 3053 1093 3130 τυράννου
1144 3051 1295 3123 laxatoque
1305 3050 1408 3122 eeulee,
1417 3056 1568 3124 postquam
1577 3050 1686 3108 insidiis
1696 3057 1884 3125 opportunum
1895 3052 2020 3109 animad-

214 3137 280 3196 πολύ
305 3138 410 3212 μᾶλλον
435 3144 495 3199 ταῖς
521 3137 649 3204 βασάνοις
675 3144 925 3214 προσεπιτείνονεος,
954 3139 968 3194 ό
997 3139 1094 3209 Ζήνων
1146 3137 1241 3205 vertit,
1264 3155 1361 3193 aurem
1384 3139 1444 3194 eius
1468 3155 1563 3194 mersu
1587 3138 1723 3210 corripuit
1744 3156 1796 3195 nee
1822 3143 1888 3196 ante
1916 3137 2023 3196 dimisit

214 3229 296 3301 μέχρι
327 3227 380 3298 μέν
410 3244 481 3286 τινος
513 3224 672 3301 διεκαρτέρει
691 3263 698 3277 .
716 3221 784 3296 μετά
812 3226 840 3280 δὲ
865 3225 947 3282 ταῦτα
972 3224 1094 3281 σπεύδων
1145 3240 1229 3296 quam
1248 3224 1356 3296 etipse
1375 3223 1435 3280 vite
1453 3222 1546 3280 etille
1564 3228 1646 3296 parte
1664 3226 1789 3298 eorporis
1807 3227 1976 3298 privaretur.

215 3311 462 3378 encraticarum
481 3309 523 3376 τῆς
541 3309 661 3382 ἀνάγκης
678 3313 724 3366 καλ
743 3307 803 3382 ἅμα
821 3308 1026 3383 τιμωρήσασθαι
1047 3309 1094 3367 τόν

215 3400 344 3470 Νέαρχον,
367 3394 525 3464 ἐπενοήσατό
545 3417 573 3451 τι
593 3396 717 3453 τοιοῦτον.
750 3395 819 3454 κατά
837 3395 885 3466 τήν
901 3396 1094 3466 ἐπιπονωτάτην

216 3486 336 3538 ἐπίτασιν
347 3482 391 3550 τῆς
399 3481 518 3551 βασάνου
528 3486 717 3556 προσποιηθεὶς
729 3482 863 3540 ἐνδιδόναι
874 3483 921 3552 τήν
934 3482 1025 3558 ψυχήν
1036 3491 1095 3546 ταῖς

216 3566 358 3642 ἀλγηδόσιν
385 3568 534 3644 ἀνέκραγεν
560 3566 667 3641 ,ζἈνετε,
691 3569 742 3646 ἐρῶ
758 3569 813 3644 γάρ
830 3571 921 3626 πάσαν
938 3567 1094 3638 emessam

216 3655 251 3718 ὡς
263 3656 289 3708 δ
292 3655 404 3723 ἀνήκων,
416 3656 524 3723 ήξύωσεν
536 3653 618 3711 αύτόν
630 3655 741 3713 ἀκούσαι
752 3657 806 3712 κατ’
822 3656 896 3711 λδύαν
905 3653 1095 3731 προσελθόντα.

216 3741 300 3798 πολλά
318 3742 371 3817 γάρ
383 3745 453 3800 εέναι
470 3744 524 3800 τῶν
541 3745 667 3817 λέγεσθαι
678 3742 830 3816 μελλόντων
846 3740 992 3800 ἀσανούσεε
1008 3747 1096 3816 τηρεῖν

216 3831 246 3883 ἐν
263 3828 410 3904 ἀπορρήτῳ.
436 3830 481 3886 τού
498 3830 527 3885 δέ
544 3828 674 3906 τσράννον
691 3829 882 3904 προσελθόντος
903 3829 1027 3902 ἀσμένως
1048 3831 1095 3884 καλ

216 3912 263 3983 τήν
289 3913 372 3985 ἀκοήν
396 3915 434 3988 τῷ
462 3915 574 3989 στόματι
601 3913 809 3989 παραβαλόντος,
837 3915 851 3971 ό
876 3915 972 3985 Ζήνων
998 3917 1043 3972 τοῦ
1068 3935 1095 3971 τε

216 3999 346 4058 δυνάστου
367 3999 523 4076 περιχανών
539 3999 570 4057 τό
585 3997 630 4062 σός
647 4005 764 4074 ἐνέπρισε
781 4008 836 4064 τοῖς
863 4003 960 4059 ύδοόσι.
987 4002 1042 4058 τῶν
1067 4002 1096 4056 δέ

216 4086 353 4164 όπηρετάν
359 4085 427 4162 ταχύ
439 4085 673 4163 προσδραμόντων,
684 4091 731 4144 καλ
747 4088 837 4145 πᾶσαν
848 4089 885 4160 τῷ
895 4089 1095 4160 βασανιζομένῳ

217 4172 420 4250 προσφερόντων
425 4176 602 4248 τιμωρόανεές
606 4171 635 4229 τό
639 4171 761 4247 χαλάσαι
769 4171 798 4229 τό
807 4174 907 4245 δἠγμα,
917 4172 984 4229 πολύ
992 4173 1096 4246 μᾶλλον

217 4258 413 4332 προσενεφόετσ.
443 4262 514 4321 τέλος
535 4259 595 4314 δοό
616 4258 763 4332 δυνάμενοι
787 4257 900 4335 τάνδρός
922 4259 1028 4327 νικήσαι
1048 4258 1096 4327 τήν

217 4345 358 4419 εύιγνχύαν,
376 4343 586 4421 παρεκάλεσανῑ)
603 4342 684 4400 αύτόν
702 4346 749 4400 ἴνα
767 4347 821 4418 etp
838 4343 897 4407 τούς
915 4343 1031 4407 όδόντας.
1049 4347 1096 4401 καλ

217 4429 324 4504 τοιούτῳ
341 4430 485 4505 τεχνήματι
506 4431 560 4487 τῶν
581 4430 738 4504 ἀλγηδόνων
761 4429 880 4498 ἀπελύθη
898 4433 944 4486 καὶ
961 4428 1035 4506 παρά
1051 4431 1097 4486 τού

217 4515 348 4594 τνράννοα
365 4516 413 4585 τήν
429 4519 606 4591 ἐνδεχομένην
623 4520 699 4588 ἐλαβε
715 4522 859 4592 τιμωρίαν.

373 4775 395 4849 ¹)
422 4774 484 4834 Hoc
501 4775 633 4848 verbum,
658 4793 692 4832 ex
716 4792 771 4848 qno
795 4773 964 4832 infinitivum
981 4772 1105 4848 pendere
1128 4779 1254 4848 oportet,
1277 4781 1438 4850 corruptum
1463 4778 1532 4835 mihi
1554 4779 1667 4837 videtur
1689 4798 1759 4838 ecee.
1797 4780 1934 4848 Quoniam
1952 4785 2027 4842 enim

218 4863 340 4919 ministri
358 4861 387 4918 id
405 4861 535 4936 agebant,
554 4866 587 4920 ut
602 4861 679 4920 Zeno
699 4861 797 4920 dentes
816 4861 988 4918 deueheret
1005 4867 1054 4918 aut
1071 4865 1232 4934 percuteret
1249 4864 1408 4937 (utrumque
1426 4864 1514 4923 verbo
1533 4869 1587 4940 διλη
1606 4865 1757 4939 significari
1775 4871 1887 4940 petest),
1907 4870 1962 4927 illie
1981 4869 2027 4928 hic

218 4953 268 5006 aut
294 4947 511 5022 strangulandus
539 4953 589 5005 aut
614 4947 795 5006 trucidandus
822 4946 882 5005 fuit
922 4947 1024 5021 ltaque
1051 4964 1102 5020 pro
1130 4947 1315 5024 παρεκάλεσαν
1340 4955 1391 5008 aut
1413 4955 1578 5028 neptuniae
1600 4951 1751 5026 legandum
1775 4971 1838 5010 esee
1861 4956 1961 5028 opinor
1978 4962 2028 5015 aut

219 5041 423 5114 παρελύπησαν,
447 5036 471 5092 ei
489 5035 645 5110 Diogenem
662 5035 806 5092 Laertium
825 5033 888 5107 (IX,
906 5040 932 5104 5,
950 5033 995 5107 26)
1014 5051 1126 5107 sequor,
1144 5034 1191 5106 qui
1204 5034 1233 5089 in
1246 5032 1345 5093 eadem
1357 5054 1389 5094 re
1403 5037 1569 5110 exponenda
1580 5036 1626 5095 his
1638 5039 1732 5096 verbis
1750 5041 1852 5097 utitur:
1869 5047 1918 5099 ούκ
1931 5045 2028 5114 ἀνῆκεν

219 5124 268 5185 ἐως
285 5120 457 5190 ἀπεκεντήθη.

1663 5234 1681 5287 2
