4440 5674
1016 291 1227 352 ..11-

219 499 364 562 breviter
396 498 541 560 indicata
568 495 733 576 Apollinis
760 496 929 559 oraculum
957 497 1064 560 solum
1095 495 1215 560 referre
1241 495 1277 558 in
1304 497 1413 558 animo
1443 495 1603 558 habuisse
1630 495 1758 558 Kltlber
1780 494 1981 558 demonstrat
1989 493 2024 574 ¹).

219 601 323 664 Porro
345 601 401 664 hic
424 620 443 664 a
466 599 592 663 Graeco
614 605 746 664 auctore
769 601 1034 664 narratiunculae
1056 599 1158 673 illius,
1182 600 1313 680 quade
1336 603 1463 679 septem
1486 598 1695 679 sapientibus
1710 617 1848 661 aureum
1864 597 2024 677 tripodem

219 704 421 786 negantibus
454 703 578 785 agitur,
613 703 675 766 tria
707 723 831 785 genera
864 704 1049 767 secundum
1074 704 1246 785 Ephorum
1280 702 1444 784 explicata
1477 718 1659 782 eorumque
1686 701 1830 782 primum
1856 701 2025 765 Valerium

220 806 409 888 amplexum
442 825 517 870 esse
548 804 655 869 docet.
712 805 906 887 Supplenda
939 813 1048 870 autem
1080 812 1159 870 sunt
1187 806 1335 869 Kltlbero
1364 810 1519 869 monento
1548 806 1731 888 fragmenta
1762 805 1804 868 ab
1835 811 2025 885 excerptore

218 909 318 974 nobis
341 910 460 973 tradita
483 909 547 980 eis,
571 928 658 990 quae
681 911 722 973 de
745 911 859 974 eadem
882 930 918 973 re
942 909 1051 973 Schol.
1073 910 1243 991 Aristoph.
1266 909 1353 972 Plut.
1377 909 1398 972 9
1421 914 1453 972 et
1474 909 1644 990 Diogenes
1667 909 1821 972 Laertius
1844 913 2024 990 exponunt.

218 1015 362 1095 Huius²l
385 1021 494 1077 autem
517 1014 629 1088 verba,
653 1033 740 1094 quae
761 1013 829 1077 huc
851 1014 1024 1095 pertinent,
1048 1015 1094 1078 ita
1116 1034 1152 1077 ss
1173 1013 1311 1077 habent:

373 1169 452 1251 φασὶ
466 1166 530 1254 γὰρ
540 1165 706 1244 Ἰωνικούς
719 1192 811 1246 τινας
822 1169 1011 1242 νεανίσκους
1022 1167 1125 1248 βόλον
1137 1165 1300 1253 ἀγοράσαι
1310 1163 1402 1251 παρὰ
1414 1167 1586 1252 Μιλησίων
1598 1163 1729 1232 ἁλιέων.
1753 1163 2026 1244 ἀνασπασθέντος

221 1269 257 1336 δὲ
281 1272 341 1336 τοῦ
363 1270 515 1357 τρίποδος
531 1268 767 1359 ἀμφισβήτησις
789 1267 839 1359 ἦν,
864 1269 924 1346 ἕως
946 1269 977 1338 ολ
992 1269 1147 1358 Μιλήσιοι
1167 1269 1317 1356 ἔπεμψαν
1331 1269 1375 1345 εἰς
1391 1267 1545 1352 Δελφούς.
1562 1267 1653 1336 καὶὸ
1669 1268 1745 1344 θεὸς
1761 1267 1895 1356 ἔχρησεν
1909 1265 2023 1344 οὕτως·

371 1427 425 1490 Ex
440 1427 494 1491 his
515 1447 660 1502 causam,
677 1448 738 1492 our
758 1429 982 1493 controversia
1005 1429 1045 1492 de
1066 1427 1194 1510 tripode
1209 1432 1280 1492 orta
1295 1427 1348 1502 sit,
1371 1427 1463 1509 apud
1477 1425 1661 1491 Diodorum
1681 1426 1821 1491 eandem
1836 1445 1911 1490 esse
1927 1433 2026 1508 atque

219 1530 309 1610 apud
333 1530 502 1595 Valerium
529 1532 680 1596 efficitur.
725 1532 836 1614 Atque
865 1533 963 1596 etiam
990 1533 1196 1597 narrationes
1224 1533 1364 1596 duorum
1393 1531 1590 1614 scriptorum
1618 1531 1754 1594 omnino
1776 1531 1862 1595 inter
1884 1551 1920 1594 se
1943 1533 2026 1596 adeo

218 1639 418 1714 congruunt,
442 1641 479 1698 ut
501 1635 743 1717 discrepantiae
759 1655 846 1718 quas
862 1637 1171 1701 animadvertuntur
1194 1637 1280 1699 nihil
1300 1636 1440 1700 valeant.
1478 1635 1632 1712 ,Aurea
1653 1636 1847 1718 Delphica
1869 1642 2022 1698 mensa“

218 1738 405 1800 versionem
433 1757 507 1801 esse
530 1738 649 1803 Graeci
677 1741 811 1826 τρίπους
837 1761 879 1804 ex
906 1759 1008 1804 versu
1036 1741 1160 1804 oraculi
1188 1739 1360 1803 aValerio
1384 1739 1510 1804 Graeco
1538 1758 1690 1803 sermone
1712 1739 1809 1802 allato
1832 1758 2025 1821 cognoscas.

220 1838 331 1904 Huius
342 1861 421 1905 vero
436 1841 659 1924 negligentiae
675 1851 775 1925 atque
787 1845 959 1908 brevitatis
972 1844 1082 1908 studio
1095 1843 1242 1907 dandum
1254 1849 1314 1918 est,
1328 1842 1418 1924 quod
1430 1863 1535 1907 unum
1546 1843 1715 1907 hominem
1727 1863 1786 1924 pro
1798 1842 2027 1923 compluribus

221 1944 504 2020 adulescentibus,
540 1967 625 2028 quos
659 1954 773 2012 auctor
800 1954 1045 2023 commemorat,
1080 1950 1224 2030 piscium
1251 1953 1421 2029 capturam
1449 1949 1570 2012 emisse
1596 1953 1709 2011 narrat
1734 1953 1835 2028 atque
1856 1967 1962 2010 unum
1985 1967 2027 2010 ex

221 2049 345 2112 oraculi
357 2051 522 2126 versibus,
535 2052 595 2132 qui
607 2053 742 2116 insonte
758 2059 898 2127 exstant,
911 2055 1051 2118 missum
1064 2053 1150 2117 lacit.
1183 2052 1302 2132 Neque
1314 2051 1422 2134 magis
1434 2052 1555 2115 mirum
1570 2057 1629 2126 est,
1646 2051 1737 2133 quod
1752 2050 2027 2133 philosophorum

221 2153 349 2226 seriem,
371 2173 432 2234 per
446 2173 546 2235 quam
562 2175 662 2221 aurea
677 2177 792 2221 mensa
814 2159 963 2230 traditur,
987 2162 1138 2221 accurate
1161 2155 1328 2220 describit.
1362 2155 1447 2219 Nam
1471 2155 1612 2219 dubium
1631 2175 1697 2218 non
1714 2161 1773 2229 est,
1790 2155 1874 2236 quin
1887 2154 2026 2218 Diodori

220 2262 392 2338 excerptor
417 2260 520 2322 huius
547 2261 595 2324 rei
618 2262 820 2334 relationem,
849 2281 936 2342 quae
957 2281 1026 2325 non
1047 2261 1160 2324 minus
1183 2261 1319 2341 copiosa
1340 2265 1419 2334 erat,
1443 2261 1479 2323 in
1494 2259 1730 2341 compendium
1744 2259 1919 2340 redegerit.
1952 2259 2027 2323 Meo

219 2359 323 2442 igitur
343 2361 417 2424 iure
439 2364 627 2444 exemplum
649 2365 773 2430 Valerii
796 2365 839 2430 ad
860 2365 999 2430 Diodori
1023 2365 1247 2429 auctoritatem
1269 2383 1398 2428 revoco.

373 2517 461 2582 Huic
477 2520 624 2600 adiungo
645 2522 831 2604 exemplum
848 2521 902 2596 IV,
918 2523 949 2596 7,
965 2528 1029 2586 ext.
1048 2524 1076 2596 1,
1100 2541 1167 2602 quo
1182 2521 1335 2584 Valerius
1350 2518 1510 2583 Damonis
1526 2525 1558 2583 et
1571 2518 1726 2583 Phintias
1740 2519 2026 2602 Pythagoreorum

220 2620 398 2685 amicitiam
419 2622 579 2687 laudibus
603 2625 694 2688 tollit
728 2624 765 2688 ld
788 2645 867 2690 vero
889 2625 973 2690 mihi
996 2626 1261 2709 componendum
1283 2625 1416 2688 videtur
1433 2642 1508 2687 asse
1524 2644 1599 2687 oum
1615 2642 1691 2687 cum
1707 2622 1770 2686 hoc
1784 2622 1923 2687 Diodori
1938 2623 2025 2687 loco:

475 2807 556 2867 Diod.
570 2810 625 2870 Sic.
637 2809 675 2882 X,
693 2815 718 2870 6.
737 2809 845 2872 11241.
1399 2808 1613 2880 1111111111,
1631 2814 1657 2879 7,
1675 2813 1730 2867 ext.
1744 2814 1769 2868 1.

290 2930 416 2984 ...καί
450 2929 506 3006 γάρ
534 2937 671 2990 Διονυσίου
699 2933 890 3008 τυραννοῦντος
919 2937 1033 2994 ψιντίας
1058 2953 1098 2995 τις
1219 2931 1430 2990 ....Damon
1449 2935 1479 2988 et
1496 2929 1624 2987 Phintias
1637 2929 1844 3002 Pythagoricae
1856 2929 2025 3002 prudentias

221 3012 405 3088 Πυθαγόρειος
426 3017 646 3086 ἐπιβεβουλευκώς
666 3019 703 3092 τῷ
725 3018 855 3092 τυράννρ,
877 3011 982 3091 μίίλων
1004 3019 1032 3074 δὲ
1054 3019 1098 3086 τῆς
1149 3021 1236 3077 sacris
1254 3019 1359 3076 initiati
1377 3021 1436 3074 tam
1448 3016 1558 3074 fidelem
1571 3018 1646 3074 inter
1658 3035 1689 3074 se
1702 3017 1854 3074 amicitiam
1867 3016 2025 3088 iunxerant,

220 3108 352 3175 τιμωρίας
368 3102 523 3176 τυγχάνειν,
539 3102 649 3177 ᾐτήσατο
672 3104 746 3180 παρά
768 3106 813 3162 τοῦ
836 3111 977 3160 Διονυσίου
995 3103 1097 3179 χρὸνον
1149 3110 1188 3173 ut,
1211 3123 1274 3162 oum
1298 3103 1417 3162 alterum
1441 3121 1476 3160 ex
1494 3103 1538 3160 his
1556 3103 1708 3176 Dionysius
1727 3103 1920 3176 Syracusanus
1938 3105 2025 3160 inter·

220 3192 256 3250 είς
272 3186 302 3244 τί
320 3191 379 3264 περί
392 3189 444 3245 τῶν
456 3191 533 3246 ίδίων
545 3187 672 3264 πρότερον
683 3188 702 3248 ά
713 3189 834 3259 βούλεται
845 3190 984 3259 διοικῆσαι·
1001 3188 1097 3246 δώσειν
1148 3192 1231 3250 licere
1254 3191 1349 3262 vellet,
1373 3195 1459 3264 atque
1482 3191 1507 3246 is
1525 3195 1637 3264 tempus
1655 3188 1691 3246 ab
1711 3207 1753 3258 eo,
1771 3207 1825 3259 quo
1844 3191 1922 3263 prius
1941 3207 2025 3264 quam

220 3272 247 3325 α’
271 3277 366 3342 ἔφησεν
388 3273 517 3348 ίγγυγτῆν
538 3275 584 3332 τοῦ
606 3274 728 3332 θανάτου
751 3276 804 3331 τῶν
828 3279 914 3344 φίλων
931 3277 1051 3332 tremat
1068 3279 1096 3332 δί
1149 3279 1256 3352 periret
1278 3276 1390 3334 domum
1413 3275 1554 3349 proiectus
1572 3293 1618 3333 res
1637 3293 1702 3332 suas
1721 3275 1872 3347 ordinaret,
1893 3277 2025 3348 impetra·

220 3357 351 3416 δυνάστου
373 3363 565 3433 θαυμάσαντος
586 3368 610 3419 εί
636 3361 750 3425 τοιοῦτος
772 3365 825 3418 lan
852 3363 927 3430 φίλος
952 3359 980 3424 ὃς
1002 3361 1096 3418 ἑαυτὸν
1148 3365 1246 3435 visset,
1259 3363 1331 3420 alter
1343 3361 1442 3419 vadem
1457 3380 1488 3419 se
1507 3380 1558 3436 pro
1571 3360 1664 3418 reditu
1683 3363 1743 3418 eins
1756 3367 1876 3434 tyranno
1889 3361 1957 3418 dare
1969 3381 2025 3420 non

219 3449 258 3504 είς
275 3443 322 3513 τὴν
338 3445 443 3520 είρκτῆν
460 3447 515 3503 ἄντ’
535 3453 636 3504 ἐκείνου
652 3446 813 3523 παραδώσει,
831 3447 1023 3521 προεκαλέσατά
1034 3470 1095 3504 τινα
1148 3449 1298 3507 dubitaret.
1343 3448 1458 3506 Solutus
1490 3453 1552 3506 erat
1581 3447 1704 3521 periculo
1735 3450 1833 3505 mortis
1863 3450 1911 3522 qui
1942 3448 2026 3506 modo

219 3529 273 3586 τῶν
290 3537 438 3602 γνωρίμων
460 3532 476 3588 ὅ
496 3539 618 3604 Φιντίας,
640 3533 760 3608 Δάμωνα
786 3533 882 3607 ὄνομα,
906 3533 1095 3609 Πυθαγόρειον
1146 3536 1242 3610 gladio
1260 3536 1384 3593 cervices
1402 3535 1543 3592 subiectas
1560 3533 1709 3591 habuerat:
1737 3535 1828 3592 eidem
1844 3539 1930 3607 caput
1945 3553 2025 3592 suum

219 3615 374 3686 φιλόσοφον,
386 3615 414 3680 ὃς
425 3618 484 3674 cidi
496 3618 623 3683 διστάσας
634 3624 728 3693 ίγγυος
739 3620 821 3683 ritis
833 3621 945 3694 ίγενίθφ
958 3621 1093 3678 θανάτου.
1147 3622 1307 3680 subiecerat
1323 3624 1369 3679 cui
1385 3639 1484 3680 securo
1502 3623 1600 3679 rivers
1618 3619 1727 3678 licebat
1763 3621 1855 3694 Igitur
1877 3639 1974 3678 omnes
1998 3628 2027 3679 st

218 3702 287 3763 τινίς
304 3702 356 3774 μίν
374 3699 421 3758 οὖν
438 3703 551 3779 ίπῄνουν
567 3704 615 3774 τὴν
632 3705 776 3780 ὑπερβολὴν
794 3707 837 3775 τῆς
854 3706 991 3780 πρίςτοίς
1003 3711 1096 3778 φίλους
1147 3710 1176 3766 in
1198 3710 1296 3783 primis
1315 3707 1467 3782 Dionysius
1489 3725 1580 3764 novae
1603 3711 1688 3780 atquo
1711 3709 1841 3780 ancipitis
1860 3709 1902 3764 rei
1920 3710 2025 3764 exitum

220 3785 331 3855 εὐνοίας,
365 3790 434 3851 τινίς
462 3790 490 3845 δε·
519 3791 565 3847 τοῖν
593 3791 690 3864 ίγγίου
718 3798 874 3868 προπέτειαν
908 3796 955 3850 καί
990 3801 1096 3867 μανίιιν
1147 3795 1373 3869 speculabantur.
1409 3793 1664 3867 Adpropinquante
1682 3792 1782 3850 deinde
1800 3793 1880 3850 linita
1904 3793 1949 3850 die
1974 3813 2026 3852 nec

220 3879 416 3945 κατεγίνωσκον
443 3914 450 3928 .
478 3875 544 3948 πρὸς
569 3878 597 3933 δί
623 3876 670 3947 τὴν
696 3884 859 3952 τεταγμένον
885 3879 959 3954 ὥραν
984 3879 1056 3943 άπας
1082 3881 1097 3934 t
1147 3883 1195 3940 illo
1217 3881 1354 3940 redeunte
1377 3898 1449 3938 unus
1473 3881 1592 3954 quisque
1613 3880 1751 3936 stultitiae
1769 3885 1826 3936 tam
1845 3881 2025 3937 temerarium

220 3959 304 4032 δῆμος
330 3963 502 4036 συνέδραμεν,
530 3963 690 4039 καραδοκῶν
716 3970 739 4020 εί
765 3965 873 4036 φυλάξει
899 3965 946 4035 τίν
968 3973 1059 4024 πίστιν
1083 3967 1097 4023 ί
1147 3986 1311 4042 sponsorem
1324 3965 1482 4026 danmabat.
1511 3967 1587 4023 Atis
1605 3965 1675 4022 nihil
1684 3983 1716 4023 ss
1725 3965 1761 4023 de
1773 3967 1855 4022 amici
1867 3968 2026 4023 constantia

219 4047 383 4117 κατασπάσας
401 4087 408 4102 ·
427 4047 474 4117 ἤδη
497 4051 526 4104 δί’
548 4051 592 4119 τῆς
614 4049 685 4127 ὥρας
712 4052 896 4126 συγκλειούσης
922 4053 1019 4115 πάντες
1044 4055 1096 4127 μὲν
1147 4061 1274 4112 metuere
1292 4052 1482 4128 praedicabat.
1512 4051 1619 4110 Eodem
1637 4058 1732 4110 autem
1750 4058 1892 4110 momento
1911 4053 2024 4111 ethora

219 4133 431 4207 ἆπεγίγνυσκον,
456 4135 470 4191 ὃ
491 4138 519 4192 δι’
541 4141 656 4198 Φιντίας
677 4138 840 4200 ἀνελπίστως
861 4140 904 4194 lul
926 4139 970 4206 τῆς
987 4137 1097 4214 ἐσχάτης
1148 4139 1312 4214 aDionysio
1330 4141 1483 4197 constituta
1501 4143 1531 4196 et
1548 4156 1610 4196 eam
1629 4139 1677 4212 qui
1694 4143 1842 4212 acceperat
1854 4141 2025 4213 supervenit

218 4222 264 4278 τοῦ
278 4220 380 4298 χρόνον
396 4223 478 4295 ῥοπῆς
494 4223 623 4297 δρομαῖος
635 4219 707 4292 ἦλθε,
724 4224 770 4280 τοῦ
780 4221 912 4287 Δάμωνος
924 4225 1096 4298 ἀπαγομένου
1148 4225 1312 4284 Admiratus
1330 4225 1477 4284 amborum
1496 4226 1619 4283 animum
1632 4230 1768 4298 tyrannus
1781 4226 1947 4299 supplicium
1959 4225 2026 4283 fidei

219 4305 285 4379 πρός
310 4306 358 4376 τίν
384 4309 510 4381 ανάγκην
529 4349 535 4363 .
554 4310 712 4381 θαυμαστῆς
734 4312 762 4366 a*
784 4311 827 4379 τῆς
854 4314 945 4381 φιλίας
970 4317 1097 4382 φανείσης
1148 4313 1258 4368 remisit
1285 4313 1457 4385 insuperque
1480 4329 1529 4368 eos
1552 4314 1666 4384 rogavit
1692 4316 1726 4368 ut
1747 4329 1779 4368 se
1807 4313 1837 4368 in
1861 4313 2025 4371 societatem

221 4392 331 4462 ἅπασιν,
340 4394 635 4458 ἂπίλυσενίιδιυνάσιος
643 4397 687 4464 τῆς
695 4404 827 4472 τιμωρίας
836 4399 883 4453 τάν
891 4397 1096 4471 ἐγκαλούμενον,
1148 4399 1288 4455 amicitiae
1315 4399 1432 4456 tertium
1458 4397 1584 4456 sodalicii
1609 4397 1729 4471 gradum
1759 4403 1857 4456 mutua
1886 4397 2025 4455 culturum

219 4482 266 4536 καί
283 4479 442 4557 παρεκάλεσε
460 4479 517 4546 τοῖς
538 4480 640 4558 ἄνδρας
657 4488 747 4558 τρίτον
764 4481 857 4540 ἑαυτὸν
874 4488 912 4546 είς
934 4482 981 4551 τὴν
1003 4487 1097 4556 φιλίαν
1149 4483 1341 4542 benivolentia
1357 4485 1517 4558 reciperent
1534 4525 1644 4545 .....

219 4569 426 4643 προσλαβέσθαι.
